<?xml version="1.0" encoding="UTF-8"?>
<!DOCTYPE html PUBLIC "-//W3C//DTD XHTML 1.0 Transitional//EN"
    "http://www.w3.org/TR/xhtml1/DTD/xhtml1-transitional.dtd">
<html xmlns="http://www.w3.org/1999/xhtml" xml:lang="en" lang="en">
 <head>
  <title>
</title>
<meta http-equiv="Content-Type" content="text/html;charset=utf-8" />
  <meta name='ocr-system' content='tesseract 3.04.00' />
  <meta name='ocr-capabilities' content='ocr_page ocr_carea ocr_par ocr_line ocrx_word'/>
</head>
<body>
  <div class='ocr_page' id='page_1' title='image "./oratoresatticie00dupogoog_0158.png"; bbox 0 0 2967 5017; ppageno 0'>
   <div class='ocr_carea' id='block_1_1' title="bbox 264 277 1140 340">
    <p class='ocr_par' dir='ltr' id='par_1_1' title="bbox 264 277 1140 340">
     <span class='ocr_line' id='line_1_1' title="bbox 264 277 1140 340; baseline 0.002 -4"><span class='ocrx_word' id='word_1_1' title='bbox 264 279 326 338; x_wconf 82' lang='lat'>664</span> <span class='ocrx_word' id='word_1_2' title='bbox 478 281 520 340; x_wconf 85' lang='lat' dir='ltr'>IN</span> <span class='ocrx_word' id='word_1_3' title='bbox 546 279 747 340; x_wconf 79' lang='lat' dir='ltr'><strong>EVERGUM</strong></span> <span class='ocrx_word' id='word_1_4' title='bbox 771 279 825 340; x_wconf 85' lang='grc' dir='ltr'>ΕΤ</span> <span class='ocrx_word' id='word_1_5' title='bbox 851 277 1140 340; x_wconf 78' lang='lat' dir='ltr'><strong>MNESIBULUM.</strong></span> 
     </span>
    </p>
   </div>
   <div class='ocr_carea' id='block_1_2' title="bbox 262 433 1363 4411">
    <p class='ocr_par' dir='ltr' id='par_1_2' title="bbox 265 433 1363 1884">
     <span class='ocr_line' id='line_1_2' title="bbox 267 433 1363 514; baseline 0 -20"><span class='ocrx_word' id='word_1_6' title='bbox 267 443 346 494; x_wconf 88' lang='lat' dir='ltr'>ctam</span> <span class='ocrx_word' id='word_1_7' title='bbox 356 433 474 514; x_wconf 75' lang='lat' dir='ltr'>recepit,</span> <span class='ocrx_word' id='word_1_8' title='bbox 484 433 740 513; x_wconf 74' lang='lat' dir='ltr'>utquinquaginta</span> <span class='ocrx_word' id='word_1_9' title='bbox 753 453 833 494; x_wconf 90' lang='lat' dir='ltr'>meas</span> <span class='ocrx_word' id='word_1_10' title='bbox 845 454 915 496; x_wconf 84' lang='lat' dir='ltr'>oves</span> <span class='ocrx_word' id='word_1_11' title='bbox 925 433 1110 496; x_wconf 70' lang='lat' dir='ltr'>mellendum</span> <span class='ocrx_word' id='word_1_12' title='bbox 1119 442 1318 513; x_wconf 82' lang='lat' dir='ltr'>pascerentur,</span> <span class='ocrx_word' id='word_1_13' title='bbox 1328 445 1363 494; x_wconf 89' lang='lat' dir='ltr'>et</span> 
     </span>
     <span class='ocr_line' id='line_1_3' title="bbox 267 523 1361 606; baseline 0.004 -22"><span class='ocrx_word' id='word_1_14' title='bbox 267 523 423 604; x_wconf 85' lang='lat' dir='ltr'>opilionem</span> <span class='ocrx_word' id='word_1_15' title='bbox 437 544 496 584; x_wconf 92' lang='lat' dir='ltr'>uua</span> <span class='ocrx_word' id='word_1_16' title='bbox 508 545 576 586; x_wconf 86' lang='lat' dir='ltr'>cum</span> <span class='ocrx_word' id='word_1_17' title='bbox 590 527 643 598; x_wconf 85' lang='lat' dir='ltr'>eis,</span> <span class='ocrx_word' id='word_1_18' title='bbox 656 537 687 586; x_wconf 89' lang='lat' dir='ltr'>et</span> <span class='ocrx_word' id='word_1_19' title='bbox 698 525 838 606; x_wconf 89' lang='lat' dir='ltr'>quicquid</span> <span class='ocrx_word' id='word_1_20' title='bbox 850 528 890 586; x_wconf 89' lang='lat' dir='ltr'>ad</span> <span class='ocrx_word' id='word_1_21' title='bbox 903 547 1022 606; x_wconf 77' lang='lat' dir='ltr'>gregem</span> <span class='ocrx_word' id='word_1_22' title='bbox 1040 526 1174 604; x_wconf 79' lang='lat' dir='ltr'>pertinet,</span> <span class='ocrx_word' id='word_1_23' title='bbox 1186 525 1361 604; x_wconf 72' lang='lat' dir='ltr'>abripuerit:</span> 
     </span>
     <span class='ocr_line' id='line_1_4' title="bbox 267 617 1362 698; baseline 0.003 -21"><span class='ocrx_word' id='word_1_24' title='bbox 267 617 384 686; x_wconf 90' lang='lat' dir='ltr'>deiude,</span> <span class='ocrx_word' id='word_1_25' title='bbox 392 637 511 696; x_wconf 87' lang='lat' dir='ltr'>puerum</span> <span class='ocrx_word' id='word_1_26' title='bbox 519 618 931 698; x_wconf 82' lang='lat' dir='ltr'>ministrumhydrismreream</span> <span class='ocrx_word' id='word_1_27' title='bbox 939 628 1130 698; x_wconf 83' lang='lat' dir='ltr'>reportantem</span> <span class='ocrx_word' id='word_1_28' title='bbox 1138 619 1362 680; x_wconf 84' lang='lat' dir='ltr'>accommodato</span> 
     </span>
     <span class='ocr_line' id='line_1_5' title="bbox 266 711 1362 790; baseline 0.002 -20"><span class='ocrx_word' id='word_1_29' title='bbox 266 721 425 788; x_wconf 75' lang='lat' dir='ltr'><strong>acceptam,</strong></span> <span class='ocrx_word' id='word_1_30' title='bbox 439 711 537 788; x_wconf 83' lang='lat' dir='ltr'>magni</span> <span class='ocrx_word' id='word_1_31' title='bbox 550 711 644 790; x_wconf 88' lang='lat' dir='ltr'>pretii.</span> <span class='ocrx_word' id='word_1_32' title='bbox 684 711 786 788; x_wconf 86' lang='lat' dir='ltr'>Neque</span> <span class='ocrx_word' id='word_1_33' title='bbox 797 711 861 770; x_wconf 81' lang='lat' dir='ltr'>haec</span> <span class='ocrx_word' id='word_1_34' title='bbox 871 711 914 769; x_wconf 88' lang='lat' dir='ltr'>eis</span> <span class='ocrx_word' id='word_1_35' title='bbox 928 711 1084 770; x_wconf 75' lang='lat' dir='ltr'><strong>abstulisse</strong></span> <span class='ocrx_word' id='word_1_36' title='bbox 1098 711 1152 770; x_wconf 87' lang='lat' dir='ltr'>luit</span> <span class='ocrx_word' id='word_1_37' title='bbox 1165 711 1248 782; x_wconf 84' lang='lat' dir='ltr'>satis,</span> <span class='ocrx_word' id='word_1_38' title='bbox 1262 711 1362 772; x_wconf 87' lang='lat' dir='ltr'>sedet</span> 
     </span>
     <span class='ocr_line' id='line_1_6' title="bbox 266 802 1359 882; baseline 0.004 -22"><span class='ocrx_word' id='word_1_39' title='bbox 266 802 295 860; x_wconf 85' lang='lat' dir='ltr'>in</span> <span class='ocrx_word' id='word_1_40' title='bbox 305 802 442 880; x_wconf 74' lang='lat' dir='ltr'>praedium</span> <span class='ocrx_word' id='word_1_41' title='bbox 454 803 703 882; x_wconf 82' lang='lat' dir='ltr'>ingressi—agros</span> <span class='ocrx_word' id='word_1_42' title='bbox 712 813 810 862; x_wconf 86' lang='lat' dir='ltr'>autem</span> <span class='ocrx_word' id='word_1_43' title='bbox 826 803 891 862; x_wconf 87' lang='lat' dir='ltr'>culo</span> <span class='ocrx_word' id='word_1_44' title='bbox 905 803 943 861; x_wconf 91' lang='lat' dir='ltr'>ad</span> <span class='ocrx_word' id='word_1_45' title='bbox 953 803 1062 861; x_wconf 91' lang='lat' dir='ltr'>circum</span> <span class='ocrx_word' id='word_1_46' title='bbox 1074 814 1250 880; x_wconf 78' lang='lat' dir='ltr'><strong>equestrem,</strong></span> <span class='ocrx_word' id='word_1_47' title='bbox 1260 803 1359 882; x_wconf 84' lang='lat' dir='ltr'>ibique</span> 
     </span>
     <span class='ocr_line' id='line_1_7' title="bbox 265 894 1359 974; baseline 0.002 -20"><span class='ocrx_word' id='word_1_48' title='bbox 265 894 396 954; x_wconf 84' lang='lat' dir='ltr'>habitos</span> <span class='ocrx_word' id='word_1_49' title='bbox 412 894 504 973; x_wconf 87' lang='lat' dir='ltr'>prima</span> <span class='ocrx_word' id='word_1_50' title='bbox 519 896 903 974; x_wconf 86' lang='lat' dir='ltr'>adolescentia-,primum</span> <span class='ocrx_word' id='word_1_51' title='bbox 923 897 953 954; x_wconf 94' lang='lat' dir='ltr'>in</span> <span class='ocrx_word' id='word_1_52' title='bbox 974 895 1096 954; x_wconf 84' lang='lat' dir='ltr'>famulos</span> <span class='ocrx_word' id='word_1_53' title='bbox 1116 896 1256 974; x_wconf 89' lang='lat' dir='ltr'>impetum</span> <span class='ocrx_word' id='word_1_54' title='bbox 1280 897 1359 956; x_wconf 85' lang='lat' dir='ltr'>iece-</span> 
     </span>
     <span class='ocr_line' id='line_1_8' title="bbox 265 987 1359 1068; baseline 0.002 -22"><span class='ocrx_word' id='word_1_55' title='bbox 265 996 354 1046; x_wconf 84' lang='lat' dir='ltr'>runt:</span> <span class='ocrx_word' id='word_1_56' title='bbox 376 997 408 1045; x_wconf 93' lang='lat' dir='ltr'>ut</span> <span class='ocrx_word' id='word_1_57' title='bbox 422 1005 489 1044; x_wconf 87' lang='lat' dir='ltr'>vero</span> <span class='ocrx_word' id='word_1_58' title='bbox 503 987 543 1046; x_wconf 88' lang='lat' dir='ltr'>illi</span> <span class='ocrx_word' id='word_1_59' title='bbox 558 989 746 1067; x_wconf 86' lang='lat' dir='ltr'>diffugerunt,</span> <span class='ocrx_word' id='word_1_60' title='bbox 760 999 848 1064; x_wconf 85' lang='lat' dir='ltr'>atque</span> <span class='ocrx_word' id='word_1_61' title='bbox 861 987 936 1047; x_wconf 85' lang='lat' dir='ltr'>alius</span> <span class='ocrx_word' id='word_1_62' title='bbox 951 987 1008 1046; x_wconf 89' lang='lat' dir='ltr'>alio</span> <span class='ocrx_word' id='word_1_63' title='bbox 1024 1007 1056 1046; x_wconf 89' lang='lat' dir='ltr'>se</span> <span class='ocrx_word' id='word_1_64' title='bbox 1069 987 1219 1067; x_wconf 83' lang='lat' dir='ltr'>proripuit,</span> <span class='ocrx_word' id='word_1_65' title='bbox 1232 989 1359 1068; x_wconf 84' lang='lat' dir='ltr'>ingressi</span> 
     </span>
     <span class='ocr_line' id='line_1_9' title="bbox 265 1079 1359 1162; baseline 0.003 -23"><span class='ocrx_word' id='word_1_66' title='bbox 265 1079 346 1139; x_wconf 81' lang='lat' dir='ltr'>tedes</span> <span class='ocrx_word' id='word_1_67' title='bbox 360 1090 389 1138; x_wconf 90' lang='lat' dir='ltr'>et</span> <span class='ocrx_word' id='word_1_68' title='bbox 403 1079 517 1158; x_wconf 88' lang='lat' dir='ltr'>dejecta</span> <span class='ocrx_word' id='word_1_69' title='bbox 525 1080 698 1159; x_wconf 81' lang='lat' dir='ltr'>januaquae</span> <span class='ocrx_word' id='word_1_70' title='bbox 708 1081 736 1139; x_wconf 93' lang='lat' dir='ltr'>iu</span> <span class='ocrx_word' id='word_1_71' title='bbox 748 1081 864 1140; x_wconf 92' lang='lat' dir='ltr'>hortum</span> <span class='ocrx_word' id='word_1_72' title='bbox 877 1081 944 1157; x_wconf 87' lang='lat' dir='ltr'>sert,</span> <span class='ocrx_word' id='word_1_73' title='bbox 957 1080 1090 1160; x_wconf 81' lang='lat' dir='ltr'>Evergus</span> <span class='ocrx_word' id='word_1_74' title='bbox 1105 1081 1192 1141; x_wconf 84' lang='lat' dir='ltr'>irater</span> <span class='ocrx_word' id='word_1_75' title='bbox 1202 1081 1359 1162; x_wconf 87' lang='lat' dir='ltr'>Theophe-</span> 
     </span>
     <span class='ocr_line' id='line_1_10' title="bbox 265 1171 1359 1252; baseline 0.004 -21"><span class='ocrx_word' id='word_1_76' title='bbox 265 1172 306 1232; x_wconf 91' lang='lat' dir='ltr'>mi</span> <span class='ocrx_word' id='word_1_77' title='bbox 320 1183 351 1231; x_wconf 91' lang='lat' dir='ltr'>et</span> <span class='ocrx_word' id='word_1_78' title='bbox 363 1171 546 1230; x_wconf 86' lang='lat' dir='ltr'>Mnesibulus</span> <span class='ocrx_word' id='word_1_79' title='bbox 563 1172 657 1232; x_wconf 86' lang='lat' dir='ltr'>affinis</span> <span class='ocrx_word' id='word_1_80' title='bbox 678 1173 751 1252; x_wconf 90' lang='lat' dir='ltr'>ejus,</span> <span class='ocrx_word' id='word_1_81' title='bbox 765 1173 899 1251; x_wconf 86' lang='lat' dir='ltr'>aquibus</span> <span class='ocrx_word' id='word_1_82' title='bbox 922 1173 1003 1231; x_wconf 90' lang='lat' dir='ltr'>nullo</span> <span class='ocrx_word' id='word_1_83' title='bbox 1024 1192 1102 1233; x_wconf 88' lang='lat' dir='ltr'>eram</span> <span class='ocrx_word' id='word_1_84' title='bbox 1119 1173 1230 1252; x_wconf 88' lang='lat' dir='ltr'>judicio</span> <span class='ocrx_word' id='word_1_85' title='bbox 1252 1174 1359 1249; x_wconf 85' lang='lat' dir='ltr'>rictus,</span> 
     </span>
     <span class='ocr_line' id='line_1_11' title="bbox 266 1265 1358 1347; baseline 0.001 -21"><span class='ocrx_word' id='word_1_86' title='bbox 266 1268 371 1347; x_wconf 88' lang='lat' dir='ltr'>quibus</span> <span class='ocrx_word' id='word_1_87' title='bbox 386 1287 444 1326; x_wconf 89' lang='lat' dir='ltr'>non</span> <span class='ocrx_word' id='word_1_88' title='bbox 459 1267 502 1325; x_wconf 84' lang='lat' dir='ltr'>sus</span> <span class='ocrx_word' id='word_1_89' title='bbox 517 1267 571 1325; x_wconf 86' lang='lat' dir='ltr'>suit</span> <span class='ocrx_word' id='word_1_90' title='bbox 591 1269 747 1346; x_wconf 86' lang='lat' dir='ltr'>quicquam</span> <span class='ocrx_word' id='word_1_91' title='bbox 767 1286 863 1324; x_wconf 91' lang='lat' dir='ltr'>meum</span> <span class='ocrx_word' id='word_1_92' title='bbox 883 1268 1036 1344; x_wconf 83' lang='lat' dir='ltr'>attingere,</span> <span class='ocrx_word' id='word_1_93' title='bbox 1050 1265 1172 1344; x_wconf 83' lang='lat' dir='ltr'>ingressi</span> <span class='ocrx_word' id='word_1_94' title='bbox 1185 1266 1222 1325; x_wconf 87' lang='lat' dir='ltr'>ad</span> <span class='ocrx_word' id='word_1_95' title='bbox 1237 1285 1358 1328; x_wconf 86' lang='lat' dir='ltr'>uxorem</span> 
     </span>
     <span class='ocr_line' id='line_1_12' title="bbox 266 1356 1357 1439; baseline -0.002 -19"><span class='ocrx_word' id='word_1_96' title='bbox 266 1379 360 1420; x_wconf 86' lang='lat' dir='ltr'>meam</span> <span class='ocrx_word' id='word_1_97' title='bbox 374 1372 404 1420; x_wconf 91' lang='lat' dir='ltr'>et</span> <span class='ocrx_word' id='word_1_98' title='bbox 419 1361 536 1429; x_wconf 89' lang='lat' dir='ltr'>liberos,</span> <span class='ocrx_word' id='word_1_99' title='bbox 551 1359 689 1439; x_wconf 90' lang='lat' dir='ltr'>quicquid</span> <span class='ocrx_word' id='word_1_100' title='bbox 704 1357 885 1418; x_wconf 83' lang='lat' dir='ltr'>instrumenti</span> <span class='ocrx_word' id='word_1_101' title='bbox 899 1359 969 1416; x_wconf 89' lang='lat' dir='ltr'>mihi</span> <span class='ocrx_word' id='word_1_102' title='bbox 982 1356 1037 1416; x_wconf 79' lang='lat' dir='ltr'>suit</span> <span class='ocrx_word' id='word_1_103' title='bbox 1051 1357 1192 1437; x_wconf 89' lang='lat' dir='ltr'>reliquum</span> <span class='ocrx_word' id='word_1_104' title='bbox 1203 1357 1231 1415; x_wconf 91' lang='lat' dir='ltr'>in</span> <span class='ocrx_word' id='word_1_105' title='bbox 1243 1359 1357 1418; x_wconf 73' lang='lat' dir='ltr'>aedibus</span> 
     </span>
     <span class='ocr_line' id='line_1_13' title="bbox 266 1449 1358 1528; baseline -0.003 -16"><span class='ocrx_word' id='word_1_106' title='bbox 266 1453 457 1514; x_wconf 89' lang='lat' dir='ltr'>abstulerunt.</span> <span class='ocrx_word' id='word_1_107' title='bbox 499 1452 647 1511; x_wconf 82' lang='lat' dir='ltr'>Putabant</span> <span class='ocrx_word' id='word_1_108' title='bbox 665 1451 742 1511; x_wconf 91' lang='lat' dir='ltr'>enim</span> <span class='ocrx_word' id='word_1_109' title='bbox 757 1469 789 1508; x_wconf 89' lang='lat' dir='ltr'>se</span> <span class='ocrx_word' id='word_1_110' title='bbox 803 1469 861 1508; x_wconf 91' lang='lat' dir='ltr'>oon</span> <span class='ocrx_word' id='word_1_111' title='bbox 875 1450 963 1509; x_wconf 87' lang='lat' dir='ltr'>modo</span> <span class='ocrx_word' id='word_1_112' title='bbox 977 1449 1131 1520; x_wconf 85' lang='lat' dir='ltr'>tantillam,</span> <span class='ocrx_word' id='word_1_113' title='bbox 1143 1449 1197 1508; x_wconf 87' lang='lat' dir='ltr'>sed</span> <span class='ocrx_word' id='word_1_114' title='bbox 1212 1449 1300 1528; x_wconf 75' lang='lat' dir='ltr'>longe</span> <span class='ocrx_word' id='word_1_115' title='bbox 1312 1450 1358 1509; x_wconf 88' lang='lat' dir='ltr'>in·</span> 
     </span>
     <span class='ocr_line' id='line_1_14' title="bbox 266 1541 1359 1624; baseline -0.005 -16"><span class='ocrx_word' id='word_1_116' title='bbox 266 1547 448 1608; x_wconf 77' lang='lat' dir='ltr'>structionem</span> <span class='ocrx_word' id='word_1_117' title='bbox 473 1543 681 1624; x_wconf 88' lang='lat' dir='ltr'>supellectilem</span> <span class='ocrx_word' id='word_1_118' title='bbox 703 1542 783 1602; x_wconf 90' lang='lat' dir='ltr'>domi</span> <span class='ocrx_word' id='word_1_119' title='bbox 804 1561 877 1602; x_wconf 72' lang='lat' dir='ltr'>mee</span> <span class='ocrx_word' id='word_1_120' title='bbox 901 1554 1078 1622; x_wconf 86' lang='lat' dir='ltr'>reperturos.</span> <span class='ocrx_word' id='word_1_121' title='bbox 1102 1541 1221 1614; x_wconf 89' lang='lat' dir='ltr'>Verum,</span> <span class='ocrx_word' id='word_1_122' title='bbox 1238 1553 1359 1622; x_wconf 88' lang='lat' dir='ltr'>propter</span> 
     </span>
     <span class='ocr_line' id='line_1_15' title="bbox 265 1633 1357 1714; baseline -0.003 -16"><span class='ocrx_word' id='word_1_123' title='bbox 265 1639 347 1700; x_wconf 88' lang='lat' dir='ltr'>obita</span> <span class='ocrx_word' id='word_1_124' title='bbox 358 1657 479 1698; x_wconf 85' lang='lat' dir='ltr'>munera</span> <span class='ocrx_word' id='word_1_125' title='bbox 492 1648 521 1697; x_wconf 89' lang='lat' dir='ltr'>et</span> <span class='ocrx_word' id='word_1_126' title='bbox 536 1637 643 1698; x_wconf 84' lang='lat' dir='ltr'>tributa</span> <span class='ocrx_word' id='word_1_127' title='bbox 656 1647 687 1696; x_wconf 90' lang='lat' dir='ltr'>et</span> <span class='ocrx_word' id='word_1_128' title='bbox 699 1637 789 1696; x_wconf 81' lang='lat' dir='ltr'>vestri</span> <span class='ocrx_word' id='word_1_129' title='bbox 802 1635 943 1707; x_wconf 88' lang='lat' dir='ltr'>studium,</span> <span class='ocrx_word' id='word_1_130' title='bbox 956 1635 1014 1696; x_wconf 82' lang='lat' dir='ltr'>alia</span> <span class='ocrx_word' id='word_1_131' title='bbox 1027 1633 1228 1714; x_wconf 78' lang='lat' dir='ltr'>oppignerata,</span> <span class='ocrx_word' id='word_1_132' title='bbox 1243 1634 1300 1695; x_wconf 81' lang='lat' dir='ltr'>alis</span> <span class='ocrx_word' id='word_1_133' title='bbox 1311 1635 1357 1695; x_wconf 94' lang='lat' dir='ltr'>di·</span> 
     </span>
     <span class='ocr_line' id='line_1_16' title="bbox 266 1729 1358 1810; baseline -0.004 -18"><span class='ocrx_word' id='word_1_134' title='bbox 266 1732 385 1792; x_wconf 85' lang='lat' dir='ltr'>vendita</span> <span class='ocrx_word' id='word_1_135' title='bbox 398 1743 498 1792; x_wconf 89' lang='lat' dir='ltr'>erant:</span> <span class='ocrx_word' id='word_1_136' title='bbox 517 1751 583 1810; x_wconf 79' lang='lat' dir='ltr'>quse</span> <span class='ocrx_word' id='word_1_137' title='bbox 596 1749 665 1792; x_wconf 79' lang='lat' dir='ltr'>vero</span> <span class='ocrx_word' id='word_1_138' title='bbox 677 1729 774 1790; x_wconf 84' lang='lat' dir='ltr'>adhuc</span> <span class='ocrx_word' id='word_1_139' title='bbox 787 1731 945 1803; x_wconf 87' lang='lat' dir='ltr'>restabant,</span> <span class='ocrx_word' id='word_1_140' title='bbox 959 1729 994 1788; x_wconf 90' lang='lat' dir='ltr'>iis</span> <span class='ocrx_word' id='word_1_141' title='bbox 1008 1729 1134 1808; x_wconf 90' lang='lat' dir='ltr'>abreptis</span> <span class='ocrx_word' id='word_1_142' title='bbox 1147 1729 1282 1789; x_wconf 88' lang='lat' dir='ltr'>omnibus</span> <span class='ocrx_word' id='word_1_143' title='bbox 1294 1730 1358 1789; x_wconf 88' lang='lat' dir='ltr'>abi·</span> 
     </span>
     <span class='ocr_line' id='line_1_17' title="bbox 267 1836 692 1884; baseline -0.002 0"><span class='ocrx_word' id='word_1_144' title='bbox 267 1836 361 1884; x_wconf 87' lang='lat' dir='ltr'>erunt.</span> <span class='ocrx_word' id='word_1_145' title='bbox 689 1836 692 1842; x_wconf 83' lang='grc'><strong>“</strong></span> 
     </span>
    </p>

    <p class='ocr_par' dir='ltr' id='par_1_3' title="bbox 262 1913 1361 4411">
     <span class='ocr_line' id='line_1_18' title="bbox 310 1913 1356 1994; baseline 0.001 -19"><span class='ocrx_word' id='word_1_146' title='bbox 310 1917 358 1976; x_wconf 93' lang='grc'>16.</span> <span class='ocrx_word' id='word_1_147' title='bbox 379 1916 534 1985; x_wconf 71' lang='lat' dir='ltr'>Praeterea,</span> <span class='ocrx_word' id='word_1_148' title='bbox 549 1915 567 1974; x_wconf 89' lang='lat' dir='ltr'>J</span> <span class='ocrx_word' id='word_1_149' title='bbox 572 1915 682 1986; x_wconf 89' lang='lat' dir='ltr'>udices,</span> <span class='ocrx_word' id='word_1_150' title='bbox 696 1933 769 1974; x_wconf 86' lang='lat' dir='ltr'>uxor</span> <span class='ocrx_word' id='word_1_151' title='bbox 783 1932 927 1973; x_wconf 86' lang='lat' dir='ltr'>meseum</span> <span class='ocrx_word' id='word_1_152' title='bbox 943 1913 1039 1971; x_wconf 88' lang='lat' dir='ltr'>liberis</span> <span class='ocrx_word' id='word_1_153' title='bbox 1053 1915 1082 1972; x_wconf 90' lang='lat' dir='ltr'>in</span> <span class='ocrx_word' id='word_1_154' title='bbox 1097 1915 1164 1973; x_wconf 84' lang='lat' dir='ltr'>aula</span> <span class='ocrx_word' id='word_1_155' title='bbox 1177 1916 1356 1994; x_wconf 73' lang='lat' dir='ltr'>prandebat:</span> 
     </span>
     <span class='ocr_line' id='line_1_19' title="bbox 268 2005 1358 2088; baseline 0.001 -19"><span class='ocrx_word' id='word_1_156' title='bbox 268 2021 299 2069; x_wconf 87' lang='lat' dir='ltr'>et</span> <span class='ocrx_word' id='word_1_157' title='bbox 313 2008 447 2088; x_wconf 72' lang='lat' dir='ltr'>quaedam</span> <span class='ocrx_word' id='word_1_158' title='bbox 465 2026 532 2065; x_wconf 91' lang='lat' dir='ltr'>cum</span> <span class='ocrx_word' id='word_1_159' title='bbox 553 2006 617 2084; x_wconf 88' lang='lat' dir='ltr'>ipsa</span> <span class='ocrx_word' id='word_1_160' title='bbox 637 2025 702 2083; x_wconf 76' lang='lat' dir='ltr'>qum</span> <span class='ocrx_word' id='word_1_161' title='bbox 716 2006 812 2064; x_wconf 89' lang='lat' dir='ltr'>nutrix</span> <span class='ocrx_word' id='word_1_162' title='bbox 827 2023 894 2063; x_wconf 86' lang='lat' dir='ltr'>mea</span> <span class='ocrx_word' id='word_1_163' title='bbox 913 2005 1005 2062; x_wconf 84' lang='lat' dir='ltr'>iuerat</span> <span class='ocrx_word' id='word_1_164' title='bbox 1018 2025 1127 2084; x_wconf 87' lang='lat' dir='ltr'>magno</span> <span class='ocrx_word' id='word_1_165' title='bbox 1150 2018 1231 2078; x_wconf 85' lang='lat' dir='ltr'>netu,</span> <span class='ocrx_word' id='word_1_166' title='bbox 1253 2009 1358 2070; x_wconf 87' lang='lat' dir='ltr'>mulier</span> 
     </span>
     <span class='ocr_line' id='line_1_20' title="bbox 266 2096 1360 2177; baseline 0.002 -17"><span class='ocrx_word' id='word_1_167' title='bbox 266 2099 408 2160; x_wconf 85' lang='lat' dir='ltr'>benevola</span> <span class='ocrx_word' id='word_1_168' title='bbox 423 2111 453 2156; x_wconf 88' lang='lat' dir='ltr'>et</span> <span class='ocrx_word' id='word_1_169' title='bbox 467 2097 534 2167; x_wconf 86' lang='lat' dir='ltr'>fida,</span> <span class='ocrx_word' id='word_1_170' title='bbox 548 2097 681 2157; x_wconf 83' lang='lat' dir='ltr'>libertate</span> <span class='ocrx_word' id='word_1_171' title='bbox 699 2096 809 2157; x_wconf 87' lang='lat' dir='ltr'>donata</span> <span class='ocrx_word' id='word_1_172' title='bbox 833 2117 851 2156; x_wconf 92' lang='lat' dir='ltr'>a</span> <span class='ocrx_word' id='word_1_173' title='bbox 870 2107 952 2175; x_wconf 84' lang='lat' dir='ltr'>patre</span> <span class='ocrx_word' id='word_1_174' title='bbox 976 2117 1052 2156; x_wconf 91' lang='lat' dir='ltr'>meo.</span> <span class='ocrx_word' id='word_1_175' title='bbox 1095 2099 1242 2177; x_wconf 88' lang='lat' dir='ltr'>Nupserat</span> <span class='ocrx_word' id='word_1_176' title='bbox 1259 2113 1360 2162; x_wconf 86' lang='lat' dir='ltr'>autem</span> 
     </span>
     <span class='ocr_line' id='line_1_21' title="bbox 267 2191 1361 2274; baseline 0.003 -21"><span class='ocrx_word' id='word_1_177' title='bbox 267 2191 376 2271; x_wconf 83' lang='lat' dir='ltr'>adepta</span> <span class='ocrx_word' id='word_1_178' title='bbox 389 2192 570 2260; x_wconf 67' lang='lat' dir='ltr'>libertatem</span> <span class='ocrx_word' id='word_1_179' title='bbox 593 2192 753 2271; x_wconf 86' lang='lat' dir='ltr'>maritoque</span> <span class='ocrx_word' id='word_1_180' title='bbox 768 2203 891 2261; x_wconf 91' lang='lat' dir='ltr'>mortuo,</span> <span class='ocrx_word' id='word_1_181' title='bbox 902 2191 982 2269; x_wconf 95' lang='lat' dir='ltr'>quod</span> <span class='ocrx_word' id='word_1_182' title='bbox 995 2202 1025 2250; x_wconf 92' lang='lat' dir='ltr'>et</span> <span class='ocrx_word' id='word_1_183' title='bbox 1034 2192 1132 2250; x_wconf 87' lang='lat' dir='ltr'>vetula</span> <span class='ocrx_word' id='word_1_184' title='bbox 1142 2204 1216 2262; x_wconf 88' lang='lat' dir='ltr'>erat,</span> <span class='ocrx_word' id='word_1_185' title='bbox 1227 2206 1259 2253; x_wconf 93' lang='lat' dir='ltr'>et</span> <span class='ocrx_word' id='word_1_186' title='bbox 1271 2215 1361 2274; x_wconf 88' lang='lat' dir='ltr'>aquo</span> 
     </span>
     <span class='ocr_line' id='line_1_22' title="bbox 267 2283 1359 2368; baseline 0.003 -22"><span class='ocrx_word' id='word_1_187' title='bbox 267 2285 391 2346; x_wconf 83' lang='lat' dir='ltr'>aleretur</span> <span class='ocrx_word' id='word_1_188' title='bbox 409 2286 550 2345; x_wconf 89' lang='lat' dir='ltr'>neminem</span> <span class='ocrx_word' id='word_1_189' title='bbox 568 2283 704 2351; x_wconf 87' lang='lat' dir='ltr'>habebat,</span> <span class='ocrx_word' id='word_1_190' title='bbox 720 2285 828 2364; x_wconf 85' lang='lat' dir='ltr'>ipsaad</span> <span class='ocrx_word' id='word_1_191' title='bbox 844 2304 890 2342; x_wconf 92' lang='lat' dir='ltr'>me</span> <span class='ocrx_word' id='word_1_192' title='bbox 903 2283 1036 2344; x_wconf 83' lang='lat' dir='ltr'>redierat.</span> <span class='ocrx_word' id='word_1_193' title='bbox 1079 2283 1125 2343; x_wconf 86' lang='lat' dir='ltr'>Ea</span> <span class='ocrx_word' id='word_1_194' title='bbox 1133 2285 1220 2362; x_wconf 87' lang='lat' dir='ltr'>igitur</span> <span class='ocrx_word' id='word_1_195' title='bbox 1232 2288 1271 2345; x_wconf 82' lang='lat' dir='ltr'>ed</span> <span class='ocrx_word' id='word_1_196' title='bbox 1285 2309 1359 2368; x_wconf 85' lang='lat' dir='ltr'>ege-</span> 
     </span>
     <span class='ocr_line' id='line_1_23' title="bbox 267 2376 1358 2455; baseline 0 -18"><span class='ocrx_word' id='word_1_197' title='bbox 267 2390 372 2438; x_wconf 81' lang='lat' dir='ltr'>statem</span> <span class='ocrx_word' id='word_1_198' title='bbox 385 2378 514 2448; x_wconf 86' lang='lat' dir='ltr'>redacta,</span> <span class='ocrx_word' id='word_1_199' title='bbox 528 2397 594 2455; x_wconf 83' lang='lat' dir='ltr'>quae</span> <span class='ocrx_word' id='word_1_200' title='bbox 608 2387 638 2436; x_wconf 86' lang='lat' dir='ltr'>et</span> <span class='ocrx_word' id='word_1_201' title='bbox 650 2377 747 2436; x_wconf 81' lang='lat' dir='ltr'>nutrix</span> <span class='ocrx_word' id='word_1_202' title='bbox 760 2388 791 2436; x_wconf 92' lang='lat' dir='ltr'>et</span> <span class='ocrx_word' id='word_1_203' title='bbox 804 2376 955 2436; x_wconf 80' lang='lat' dir='ltr'>educatrix</span> <span class='ocrx_word' id='word_1_204' title='bbox 966 2396 1030 2435; x_wconf 86' lang='lat' dir='ltr'>mea</span> <span class='ocrx_word' id='word_1_205' title='bbox 1043 2376 1147 2449; x_wconf 83' lang='lat' dir='ltr'>suerat,</span> <span class='ocrx_word' id='word_1_206' title='bbox 1167 2378 1248 2436; x_wconf 89' lang='lat' dir='ltr'>nullo</span> <span class='ocrx_word' id='word_1_207' title='bbox 1269 2385 1358 2444; x_wconf 86' lang='lat' dir='ltr'>modo</span> 
     </span>
     <span class='ocr_line' id='line_1_24' title="bbox 267 2469 1358 2549; baseline 0.005 -20"><span class='ocrx_word' id='word_1_208' title='bbox 267 2470 336 2529; x_wconf 91' lang='lat' dir='ltr'>mihi</span> <span class='ocrx_word' id='word_1_209' title='bbox 352 2470 528 2549; x_wconf 84' lang='lat' dir='ltr'>negligenda</span> <span class='ocrx_word' id='word_1_210' title='bbox 546 2469 620 2529; x_wconf 82' lang='lat' dir='ltr'>fuit:</span> <span class='ocrx_word' id='word_1_211' title='bbox 643 2470 727 2529; x_wconf 86' lang='lat' dir='ltr'>simul</span> <span class='ocrx_word' id='word_1_212' title='bbox 750 2470 837 2528; x_wconf 89' lang='lat' dir='ltr'>etiam</span> <span class='ocrx_word' id='word_1_213' title='bbox 851 2469 920 2548; x_wconf 86' lang='lat' dir='ltr'>quia</span> <span class='ocrx_word' id='word_1_214' title='bbox 936 2469 1108 2530; x_wconf 88' lang='lat' dir='ltr'>trierarchus</span> <span class='ocrx_word' id='word_1_215' title='bbox 1121 2489 1200 2529; x_wconf 86' lang='lat' dir='ltr'>eram</span> <span class='ocrx_word' id='word_1_216' title='bbox 1214 2471 1358 2547; x_wconf 83' lang='lat' dir='ltr'>abiturus,</span> 
     </span>
     <span class='ocr_line' id='line_1_25' title="bbox 265 2560 1357 2643; baseline 0.005 -21"><span class='ocrx_word' id='word_1_217' title='bbox 265 2573 297 2622; x_wconf 89' lang='lat' dir='ltr'>et</span> <span class='ocrx_word' id='word_1_218' title='bbox 309 2581 382 2621; x_wconf 85' lang='lat' dir='ltr'>uxor</span> <span class='ocrx_word' id='word_1_219' title='bbox 401 2582 465 2622; x_wconf 86' lang='lat' dir='ltr'>mea</span> <span class='ocrx_word' id='word_1_220' title='bbox 483 2562 536 2622; x_wconf 93' lang='lat' dir='ltr'>sibi</span> <span class='ocrx_word' id='word_1_221' title='bbox 557 2563 644 2622; x_wconf 83' lang='lat' dir='ltr'>talem</span> <span class='ocrx_word' id='word_1_222' title='bbox 658 2583 676 2621; x_wconf 86' lang='lat' dir='ltr'>a</span> <span class='ocrx_word' id='word_1_223' title='bbox 688 2583 736 2624; x_wconf 90' lang='lat' dir='ltr'>me</span> <span class='ocrx_word' id='word_1_224' title='bbox 756 2560 906 2622; x_wconf 86' lang='lat' dir='ltr'>custodem</span> <span class='ocrx_word' id='word_1_225' title='bbox 927 2563 1035 2622; x_wconf 71' lang='lat' dir='ltr'>aedium</span> <span class='ocrx_word' id='word_1_226' title='bbox 1056 2563 1176 2641; x_wconf 86' lang='lat' dir='ltr'>relinqui</span> <span class='ocrx_word' id='word_1_227' title='bbox 1198 2565 1357 2643; x_wconf 78' lang='lat' dir='ltr'>gaudebat.</span> 
     </span>
     <span class='ocr_line' id='line_1_26' title="bbox 267 2654 1356 2738; baseline 0.003 -23"><span class='ocrx_word' id='word_1_228' title='bbox 267 2655 343 2716; x_wconf 92' lang='lat' dir='ltr'>Cum</span> <span class='ocrx_word' id='word_1_229' title='bbox 357 2667 454 2716; x_wconf 87' lang='lat' dir='ltr'>autem</span> <span class='ocrx_word' id='word_1_230' title='bbox 468 2659 497 2716; x_wconf 89' lang='lat' dir='ltr'>in</span> <span class='ocrx_word' id='word_1_231' title='bbox 512 2657 580 2716; x_wconf 85' lang='lat' dir='ltr'>aula</span> <span class='ocrx_word' id='word_1_232' title='bbox 594 2656 781 2736; x_wconf 85' lang='lat' dir='ltr'>pranderent,</span> <span class='ocrx_word' id='word_1_233' title='bbox 792 2668 877 2738; x_wconf 90' lang='lat' dir='ltr'>atque</span> <span class='ocrx_word' id='word_1_234' title='bbox 890 2656 937 2716; x_wconf 92' lang='lat' dir='ltr'>isti</span> <span class='ocrx_word' id='word_1_235' title='bbox 952 2654 1007 2715; x_wconf 88' lang='lat' dir='ltr'>illis</span> <span class='ocrx_word' id='word_1_236' title='bbox 1022 2657 1117 2715; x_wconf 90' lang='lat' dir='ltr'>subito</span> <span class='ocrx_word' id='word_1_237' title='bbox 1127 2657 1273 2736; x_wconf 89' lang='lat' dir='ltr'>oppressis</span> <span class='ocrx_word' id='word_1_238' title='bbox 1283 2659 1356 2718; x_wconf 90' lang='lat' dir='ltr'>irru-</span> 
     </span>
     <span class='ocr_line' id='line_1_27' title="bbox 266 2749 1356 2829; baseline 0.002 -20"><span class='ocrx_word' id='word_1_239' title='bbox 266 2761 358 2821; x_wconf 89' lang='lat' dir='ltr'>erent,</span> <span class='ocrx_word' id='word_1_240' title='bbox 373 2761 402 2810; x_wconf 90' lang='lat' dir='ltr'>et</span> <span class='ocrx_word' id='word_1_241' title='bbox 415 2771 486 2810; x_wconf 84' lang='lat' dir='ltr'>vasa</span> <span class='ocrx_word' id='word_1_242' title='bbox 499 2749 664 2829; x_wconf 91' lang='lat' dir='ltr'>diriperent,</span> <span class='ocrx_word' id='word_1_243' title='bbox 679 2750 744 2809; x_wconf 87' lang='lat' dir='ltr'>aliae</span> <span class='ocrx_word' id='word_1_244' title='bbox 758 2750 876 2828; x_wconf 90' lang='lat' dir='ltr'>quidem</span> <span class='ocrx_word' id='word_1_245' title='bbox 890 2749 1074 2808; x_wconf 73' lang='lat' dir='ltr'>ancillae-in</span> <span class='ocrx_word' id='word_1_246' title='bbox 1088 2749 1159 2807; x_wconf 89' lang='lat' dir='ltr'>turri</span> <span class='ocrx_word' id='word_1_247' title='bbox 1171 2749 1249 2810; x_wconf 90' lang='lat' dir='ltr'>enim</span> <span class='ocrx_word' id='word_1_248' title='bbox 1262 2762 1356 2824; x_wconf 89' lang='lat' dir='ltr'>eraut,</span> 
     </span>
     <span class='ocr_line' id='line_1_28' title="bbox 266 2840 1355 2920; baseline -0.001 -16"><span class='ocrx_word' id='word_1_249' title='bbox 266 2843 316 2904; x_wconf 92' lang='lat' dir='ltr'>ubi</span> <span class='ocrx_word' id='word_1_250' title='bbox 329 2843 561 2915; x_wconf 81' lang='lat' dir='ltr'>diversantur-,</span> <span class='ocrx_word' id='word_1_251' title='bbox 569 2845 697 2904; x_wconf 83' lang='lat' dir='ltr'>clamore</span> <span class='ocrx_word' id='word_1_252' title='bbox 711 2841 822 2914; x_wconf 86' lang='lat' dir='ltr'>audito,</span> <span class='ocrx_word' id='word_1_253' title='bbox 830 2842 930 2901; x_wconf 88' lang='lat' dir='ltr'>turrim</span> <span class='ocrx_word' id='word_1_254' title='bbox 941 2840 1111 2910; x_wconf 88' lang='lat' dir='ltr'>occludunt,</span> <span class='ocrx_word' id='word_1_255' title='bbox 1127 2851 1214 2920; x_wconf 87' lang='lat' dir='ltr'>etque</span> <span class='ocrx_word' id='word_1_256' title='bbox 1227 2841 1297 2902; x_wconf 91' lang='lat' dir='ltr'>illuc</span> <span class='ocrx_word' id='word_1_257' title='bbox 1309 2841 1355 2904; x_wconf 91' lang='lat' dir='ltr'>iu-</span> 
     </span>
     <span class='ocr_line' id='line_1_29' title="bbox 266 2932 1355 3016; baseline 0.001 -21"><span class='ocrx_word' id='word_1_258' title='bbox 266 2937 358 3016; x_wconf 81' lang='lat' dir='ltr'>gressi</span> <span class='ocrx_word' id='word_1_259' title='bbox 372 2957 431 2998; x_wconf 91' lang='lat' dir='ltr'>uon</span> <span class='ocrx_word' id='word_1_260' title='bbox 442 2946 520 3010; x_wconf 87' lang='lat' dir='ltr'>suut,</span> <span class='ocrx_word' id='word_1_261' title='bbox 532 2937 609 2996; x_wconf 90' lang='lat' dir='ltr'>sede</span> <span class='ocrx_word' id='word_1_262' title='bbox 621 2933 732 2996; x_wconf 83' lang='lat' dir='ltr'>caeteris</span> <span class='ocrx_word' id='word_1_263' title='bbox 747 2932 936 2993; x_wconf 86' lang='lat' dir='ltr'>conclavibus</span> <span class='ocrx_word' id='word_1_264' title='bbox 946 2952 1017 2992; x_wconf 84' lang='lat' dir='ltr'>vasa</span> <span class='ocrx_word' id='word_1_265' title='bbox 1026 2944 1224 3013; x_wconf 84' lang='lat' dir='ltr'>expertarum,</span> <span class='ocrx_word' id='word_1_266' title='bbox 1238 2945 1355 2996; x_wconf 85' lang='lat' dir='ltr'>vetante</span> 
     </span>
     <span class='ocr_line' id='line_1_30' title="bbox 265 3023 1355 3107; baseline 0.001 -19"><span class='ocrx_word' id='word_1_267' title='bbox 265 3049 405 3089; x_wconf 83' lang='lat' dir='ltr'>uxoreae</span> <span class='ocrx_word' id='word_1_268' title='bbox 421 3049 456 3088; x_wconf 85' lang='lat' dir='ltr'>ea</span> <span class='ocrx_word' id='word_1_269' title='bbox 474 3039 626 3107; x_wconf 85' lang='lat' dir='ltr'>tangerent</span> <span class='ocrx_word' id='word_1_270' title='bbox 646 3036 676 3084; x_wconf 88' lang='lat' dir='ltr'>et</span> <span class='ocrx_word' id='word_1_271' title='bbox 690 3024 816 3096; x_wconf 88' lang='lat' dir='ltr'>dicente,</span> <span class='ocrx_word' id='word_1_272' title='bbox 831 3027 869 3083; x_wconf 92' lang='lat' dir='ltr'>ob</span> <span class='ocrx_word' id='word_1_273' title='bbox 883 3023 984 3083; x_wconf 89' lang='lat' dir='ltr'>dotem</span> <span class='ocrx_word' id='word_1_274' title='bbox 998 3025 1052 3084; x_wconf 92' lang='lat' dir='ltr'>sibi</span> <span class='ocrx_word' id='word_1_275' title='bbox 1071 3045 1137 3084; x_wconf 91' lang='lat' dir='ltr'>esse</span> <span class='ocrx_word' id='word_1_276' title='bbox 1155 3027 1355 3106; x_wconf 82' lang='lat' dir='ltr'>oppignerata,</span> 
     </span>
     <span class='ocr_line' id='line_1_31' title="bbox 266 3116 1356 3198; baseline -0.001 -18"><span class='ocrx_word' id='word_1_277' title='bbox 266 3131 305 3191; x_wconf 92' lang='lat' dir='ltr'>et,</span> <span class='ocrx_word' id='word_1_278' title='bbox 319 3141 386 3182; x_wconf 79' lang='lat' dir='ltr'>oves</span> <span class='ocrx_word' id='word_1_279' title='bbox 401 3140 451 3180; x_wconf 89' lang='lat' dir='ltr'>eos</span> <span class='ocrx_word' id='word_1_280' title='bbox 472 3121 578 3180; x_wconf 87' lang='lat' dir='ltr'>hebere</span> <span class='ocrx_word' id='word_1_281' title='bbox 594 3117 806 3196; x_wconf 82' lang='lat' dir='ltr'>quinquaginta</span> <span class='ocrx_word' id='word_1_282' title='bbox 819 3127 849 3175; x_wconf 95' lang='lat' dir='ltr'>et</span> <span class='ocrx_word' id='word_1_283' title='bbox 862 3116 1017 3195; x_wconf 90' lang='lat' dir='ltr'>opilionem</span> <span class='ocrx_word' id='word_1_284' title='bbox 1038 3118 1154 3197; x_wconf 90' lang='lat' dir='ltr'>majoris</span> <span class='ocrx_word' id='word_1_285' title='bbox 1169 3118 1253 3198; x_wconf 89' lang='lat' dir='ltr'>pretii</span> <span class='ocrx_word' id='word_1_286' title='bbox 1266 3139 1356 3198; x_wconf 85' lang='lat' dir='ltr'>quam</span> 
     </span>
     <span class='ocr_line' id='line_1_32' title="bbox 264 3209 1356 3292; baseline 0.005 -24"><span class='ocrx_word' id='word_1_287' title='bbox 264 3211 365 3290; x_wconf 90' lang='lat' dir='ltr'>quanti</span> <span class='ocrx_word' id='word_1_288' title='bbox 379 3230 474 3270; x_wconf 89' lang='lat' dir='ltr'>essem</span> <span class='ocrx_word' id='word_1_289' title='bbox 488 3209 797 3270; x_wconf 84' lang='lat' dir='ltr'>damnatus—vicinus</span> <span class='ocrx_word' id='word_1_290' title='bbox 811 3210 887 3267; x_wconf 90' lang='lat' dir='ltr'>euim</span> <span class='ocrx_word' id='word_1_291' title='bbox 902 3209 1020 3288; x_wconf 88' lang='lat' dir='ltr'>quidam</span> <span class='ocrx_word' id='word_1_292' title='bbox 1033 3209 1075 3268; x_wconf 89' lang='lat' dir='ltr'>eis</span> <span class='ocrx_word' id='word_1_293' title='bbox 1087 3210 1117 3270; x_wconf 93' lang='lat' dir='ltr'>id</span> <span class='ocrx_word' id='word_1_294' title='bbox 1131 3213 1280 3272; x_wconf 85' lang='lat' dir='ltr'>nunciaret</span> <span class='ocrx_word' id='word_1_295' title='bbox 1289 3214 1356 3292; x_wconf 87' lang='lat' dir='ltr'>pul·</span> 
     </span>
     <span class='ocr_line' id='line_1_33' title="bbox 266 3301 1357 3385; baseline 0.003 -23"><span class='ocrx_word' id='word_1_296' title='bbox 266 3313 330 3362; x_wconf 80' lang='lat' dir='ltr'>sats</span> <span class='ocrx_word' id='word_1_297' title='bbox 338 3302 479 3381; x_wconf 53' lang='lat' dir='ltr'>januam,</span> <span class='ocrx_word' id='word_1_298' title='bbox 495 3313 636 3382; x_wconf 82' lang='lat' dir='ltr'>praeterea</span> <span class='ocrx_word' id='word_1_299' title='bbox 656 3312 809 3380; x_wconf 84' lang='lat' dir='ltr'>argentum</span> <span class='ocrx_word' id='word_1_300' title='bbox 830 3302 871 3362; x_wconf 87' lang='lat' dir='ltr'>eis</span> <span class='ocrx_word' id='word_1_301' title='bbox 893 3301 1009 3361; x_wconf 87' lang='lat' dir='ltr'>dicebat</span> <span class='ocrx_word' id='word_1_302' title='bbox 1027 3301 1056 3360; x_wconf 91' lang='lat' dir='ltr'>in</span> <span class='ocrx_word' id='word_1_303' title='bbox 1077 3323 1179 3364; x_wconf 88' lang='lat' dir='ltr'>mensa</span> <span class='ocrx_word' id='word_1_304' title='bbox 1198 3324 1262 3364; x_wconf 85' lang='lat' dir='ltr'>esse</span> <span class='ocrx_word' id='word_1_305' title='bbox 1278 3307 1357 3385; x_wconf 89' lang='lat' dir='ltr'>pusi-</span> 
     </span>
     <span class='ocr_line' id='line_1_34' title="bbox 264 3397 1355 3478; baseline 0.005 -22"><span class='ocrx_word' id='word_1_306' title='bbox 264 3397 396 3457; x_wconf 86' lang='lat' dir='ltr'>tum-id</span> <span class='ocrx_word' id='word_1_307' title='bbox 418 3398 494 3456; x_wconf 90' lang='lat' dir='ltr'>enim</span> <span class='ocrx_word' id='word_1_308' title='bbox 515 3416 553 3456; x_wconf 84' lang='lat' dir='ltr'>err</span> <span class='ocrx_word' id='word_1_309' title='bbox 571 3417 616 3456; x_wconf 89' lang='lat' dir='ltr'>me</span> <span class='ocrx_word' id='word_1_310' title='bbox 637 3399 825 3457; x_wconf 78' lang='lat' dir='ltr'>audierat—2</span> <span class='ocrx_word' id='word_1_311' title='bbox 845 3397 923 3476; x_wconf 90' lang='lat' dir='ltr'>quod</span> <span class='ocrx_word' id='word_1_312' title='bbox 944 3398 967 3456; x_wconf 90' lang='lat' dir='ltr'>si</span> <span class='ocrx_word' id='word_1_313' title='bbox 985 3399 1228 3477; x_wconf 81' lang='lat' dir='ltr'>exspectaveritis,</span> <span class='ocrx_word' id='word_1_314' title='bbox 1251 3402 1355 3478; x_wconf 89' lang='lat' dir='ltr'>inquit,</span> 
     </span>
     <span class='ocr_line' id='line_1_35' title="bbox 265 3489 1356 3575; baseline 0.005 -25"><span class='ocrx_word' id='word_1_315' title='bbox 265 3499 317 3550; x_wconf 88' lang='lat' dir='ltr'>aut</span> <span class='ocrx_word' id='word_1_316' title='bbox 341 3500 468 3551; x_wconf 81' lang='lat' dir='ltr'>vestrum</span> <span class='ocrx_word' id='word_1_317' title='bbox 494 3489 596 3568; x_wconf 85' lang='lat' dir='ltr'>aliquis</span> <span class='ocrx_word' id='word_1_318' title='bbox 617 3489 750 3550; x_wconf 82' lang='lat' dir='ltr'>maritum</span> <span class='ocrx_word' id='word_1_319' title='bbox 781 3510 876 3551; x_wconf 90' lang='lat' dir='ltr'>meum</span> <span class='ocrx_word' id='word_1_320' title='bbox 904 3490 1080 3562; x_wconf 86' lang='lat' dir='ltr'>accersierit,</span> <span class='ocrx_word' id='word_1_321' title='bbox 1104 3492 1202 3552; x_wconf 85' lang='lat' dir='ltr'>statim</span> <span class='ocrx_word' id='word_1_322' title='bbox 1226 3496 1356 3575; x_wconf 90' lang='lat' dir='ltr'>acceptis</span> 
     </span>
     <span class='ocr_line' id='line_1_36' title="bbox 264 3582 1356 3662; baseline 0.004 -18"><span class='ocrx_word' id='word_1_323' title='bbox 264 3584 390 3644; x_wconf 88' lang='lat' dir='ltr'>nummis</span> <span class='ocrx_word' id='word_1_324' title='bbox 413 3582 543 3651; x_wconf 87' lang='lat' dir='ltr'>abibitis;</span> <span class='ocrx_word' id='word_1_325' title='bbox 575 3603 646 3643; x_wconf 83' lang='lat' dir='ltr'>vasa</span> <span class='ocrx_word' id='word_1_326' title='bbox 664 3593 760 3644; x_wconf 87' lang='lat' dir='ltr'>autem</span> <span class='ocrx_word' id='word_1_327' title='bbox 784 3583 948 3662; x_wconf 89' lang='lat' dir='ltr'>relinquite,</span> <span class='ocrx_word' id='word_1_328' title='bbox 970 3594 1000 3644; x_wconf 93' lang='lat' dir='ltr'>et</span> <span class='ocrx_word' id='word_1_329' title='bbox 1022 3583 1093 3642; x_wconf 91' lang='lat' dir='ltr'>nihil</span> <span class='ocrx_word' id='word_1_330' title='bbox 1117 3605 1214 3645; x_wconf 91' lang='lat' dir='ltr'>meum</span> <span class='ocrx_word' id='word_1_331' title='bbox 1235 3587 1356 3661; x_wconf 84' lang='lat' dir='ltr'>auferte,</span> 
     </span>
     <span class='ocr_line' id='line_1_37' title="bbox 263 3673 1356 3759; baseline 0.004 -22"><span class='ocrx_word' id='word_1_332' title='bbox 263 3677 422 3758; x_wconf 75' lang='lat' dir='ltr'>praesertim</span> <span class='ocrx_word' id='word_1_333' title='bbox 446 3696 513 3735; x_wconf 92' lang='lat' dir='ltr'>cum</span> <span class='ocrx_word' id='word_1_334' title='bbox 534 3673 666 3735; x_wconf 88' lang='lat' dir='ltr'>habeatis</span> <span class='ocrx_word' id='word_1_335' title='bbox 684 3676 785 3754; x_wconf 86' lang='lat' dir='ltr'>quanti</span> <span class='ocrx_word' id='word_1_336' title='bbox 804 3676 914 3736; x_wconf 85' lang='lat' dir='ltr'>mulcta</span> <span class='ocrx_word' id='word_1_337' title='bbox 930 3687 986 3737; x_wconf 90' lang='lat' dir='ltr'>est.</span> <span class='ocrx_word' id='word_1_338' title='bbox 1029 3677 1101 3738; x_wconf 82' lang='lat' dir='ltr'>Haec</span> <span class='ocrx_word' id='word_1_339' title='bbox 1116 3678 1233 3738; x_wconf 91' lang='lat' dir='ltr'>dicente</span> <span class='ocrx_word' id='word_1_340' title='bbox 1252 3700 1356 3759; x_wconf 83' lang='lat' dir='ltr'>uxore,</span> 
     </span>
     <span class='ocr_line' id='line_1_38' title="bbox 263 3768 1356 3850; baseline 0.005 -21"><span class='ocrx_word' id='word_1_341' title='bbox 263 3779 375 3830; x_wconf 85' lang='lat' dir='ltr'>tantum</span> <span class='ocrx_word' id='word_1_342' title='bbox 398 3768 490 3828; x_wconf 84' lang='lat' dir='ltr'>abluit</span> <span class='ocrx_word' id='word_1_343' title='bbox 508 3779 543 3828; x_wconf 94' lang='lat' dir='ltr'>ut</span> <span class='ocrx_word' id='word_1_344' title='bbox 562 3769 747 3840; x_wconf 89' lang='lat' dir='ltr'>desisterent,</span> <span class='ocrx_word' id='word_1_345' title='bbox 762 3779 794 3828; x_wconf 92' lang='lat' dir='ltr'>ut</span> <span class='ocrx_word' id='word_1_346' title='bbox 817 3781 848 3828; x_wconf 91' lang='lat' dir='ltr'>et</span> <span class='ocrx_word' id='word_1_347' title='bbox 870 3770 1023 3842; x_wconf 89' lang='lat' dir='ltr'>nutricem,</span> <span class='ocrx_word' id='word_1_348' title='bbox 1039 3773 1119 3848; x_wconf 71' lang='lat' dir='ltr'>(quae</span> <span class='ocrx_word' id='word_1_349' title='bbox 1137 3773 1285 3850; x_wconf 85' lang='lat' dir='ltr'>cymbium</span> <span class='ocrx_word' id='word_1_350' title='bbox 1300 3775 1356 3834; x_wconf 88' lang='lat' dir='ltr'>sibi</span> 
     </span>
     <span class='ocr_line' id='line_1_39' title="bbox 264 3863 1358 3943; baseline 0.006 -20"><span class='ocrx_word' id='word_1_351' title='bbox 264 3863 440 3943; x_wconf 86' lang='lat' dir='ltr'>appositum,</span> <span class='ocrx_word' id='word_1_352' title='bbox 453 3883 470 3921; x_wconf 90' lang='lat' dir='ltr'>e</span> <span class='ocrx_word' id='word_1_353' title='bbox 484 3882 541 3941; x_wconf 92' lang='lat' dir='ltr'>quo</span> <span class='ocrx_word' id='word_1_354' title='bbox 556 3865 687 3942; x_wconf 85' lang='lat' dir='ltr'>potabat,</span> <span class='ocrx_word' id='word_1_355' title='bbox 700 3863 778 3922; x_wconf 88' lang='lat' dir='ltr'>intra</span> <span class='ocrx_word' id='word_1_356' title='bbox 795 3864 889 3923; x_wconf 86' lang='lat' dir='ltr'>sinum</span> <span class='ocrx_word' id='word_1_357' title='bbox 905 3863 1065 3937; x_wconf 83' lang='lat' dir='ltr'>abdiderat,</span> <span class='ocrx_word' id='word_1_358' title='bbox 1079 3886 1115 3927; x_wconf 92' lang='lat' dir='ltr'>ue</span> <span class='ocrx_word' id='word_1_359' title='bbox 1136 3867 1167 3926; x_wconf 93' lang='lat' dir='ltr'>id</span> <span class='ocrx_word' id='word_1_360' title='bbox 1190 3868 1236 3927; x_wconf 90' lang='lat' dir='ltr'>isti</span> <span class='ocrx_word' id='word_1_361' title='bbox 1258 3871 1358 3931; x_wconf 87' lang='lat' dir='ltr'>aufer-</span> 
     </span>
     <span class='ocr_line' id='line_1_40' title="bbox 263 3955 1357 4035; baseline 0.01 -22"><span class='ocrx_word' id='word_1_362' title='bbox 263 3968 337 4028; x_wconf 88' lang='lat' dir='ltr'>rent,</span> <span class='ocrx_word' id='word_1_363' title='bbox 346 3968 500 4035; x_wconf 87' lang='lat' dir='ltr'>postquam</span> <span class='ocrx_word' id='word_1_364' title='bbox 515 3975 564 4015; x_wconf 89' lang='lat' dir='ltr'>eos</span> <span class='ocrx_word' id='word_1_365' title='bbox 578 3955 655 4015; x_wconf 86' lang='lat' dir='ltr'>intus</span> <span class='ocrx_word' id='word_1_366' title='bbox 671 3977 735 4017; x_wconf 90' lang='lat' dir='ltr'>esse</span> <span class='ocrx_word' id='word_1_367' title='bbox 748 3956 844 4031; x_wconf 79' lang='lat' dir='ltr'>sidit),</span> <span class='ocrx_word' id='word_1_368' title='bbox 864 3977 895 4016; x_wconf 91' lang='lat' dir='ltr'>re</span> <span class='ocrx_word' id='word_1_369' title='bbox 914 3957 1124 4030; x_wconf 85' lang='lat' dir='ltr'>animadversa,</span> <span class='ocrx_word' id='word_1_370' title='bbox 1147 3961 1189 4021; x_wconf 87' lang='lat' dir='ltr'>sic</span> <span class='ocrx_word' id='word_1_371' title='bbox 1203 3965 1357 4024; x_wconf 84' lang='lat' dir='ltr'>tractarint</span> 
     </span>
     <span class='ocr_line' id='line_1_41' title="bbox 262 4047 1356 4135; baseline 0.013 -31"><span class='ocrx_word' id='word_1_372' title='bbox 262 4047 337 4106; x_wconf 87' lang='lat' dir='ltr'>inter</span> <span class='ocrx_word' id='word_1_373' title='bbox 350 4049 530 4127; x_wconf 88' lang='lat' dir='ltr'>eripiendum</span> <span class='ocrx_word' id='word_1_374' title='bbox 544 4048 690 4128; x_wconf 86' lang='lat' dir='ltr'>cymbium</span> <span class='ocrx_word' id='word_1_375' title='bbox 704 4049 907 4128; x_wconf 88' lang='lat' dir='ltr'>Theophemus</span> <span class='ocrx_word' id='word_1_376' title='bbox 926 4059 957 4108; x_wconf 90' lang='lat' dir='ltr'>et</span> <span class='ocrx_word' id='word_1_377' title='bbox 979 4049 1108 4129; x_wconf 84' lang='lat' dir='ltr'>Evergus</span> <span class='ocrx_word' id='word_1_378' title='bbox 1127 4054 1217 4115; x_wconf 80' lang='lat' dir='ltr'>irater</span> <span class='ocrx_word' id='word_1_379' title='bbox 1229 4055 1303 4135; x_wconf 87' lang='lat' dir='ltr'>ejus,</span> <span class='ocrx_word' id='word_1_380' title='bbox 1321 4070 1356 4118; x_wconf 90' lang='lat' dir='ltr'>ut</span> 
     </span>
     <span class='ocr_line' id='line_1_42' title="bbox 262 4139 1356 4219; baseline 0.013 -24"><span class='ocrx_word' id='word_1_381' title='bbox 262 4146 293 4195; x_wconf 91' lang='lat' dir='ltr'>et</span> <span class='ocrx_word' id='word_1_382' title='bbox 306 4139 425 4199; x_wconf 84' lang='lat' dir='ltr'>brachia</span> <span class='ocrx_word' id='word_1_383' title='bbox 438 4151 468 4200; x_wconf 93' lang='lat' dir='ltr'>et</span> <span class='ocrx_word' id='word_1_384' title='bbox 482 4160 586 4200; x_wconf 83' lang='lat' dir='ltr'>manus</span> <span class='ocrx_word' id='word_1_385' title='bbox 605 4141 732 4200; x_wconf 89' lang='lat' dir='ltr'>mulieris</span> <span class='ocrx_word' id='word_1_386' title='bbox 752 4142 896 4219; x_wconf 84' lang='lat' dir='ltr'>sanguine</span> <span class='ocrx_word' id='word_1_387' title='bbox 916 4140 1161 4218; x_wconf 87' lang='lat' dir='ltr'>suffunderentur,</span> <span class='ocrx_word' id='word_1_388' title='bbox 1175 4148 1245 4206; x_wconf 91' lang='lat' dir='ltr'>dum</span> <span class='ocrx_word' id='word_1_389' title='bbox 1262 4162 1356 4209; x_wconf 90' lang='lat' dir='ltr'>retor-</span> 
     </span>
     <span class='ocr_line' id='line_1_43' title="bbox 262 4231 1355 4313; baseline 0.015 -28"><span class='ocrx_word' id='word_1_390' title='bbox 262 4240 385 4307; x_wconf 90' lang='lat' dir='ltr'>quentur</span> <span class='ocrx_word' id='word_1_391' title='bbox 398 4231 525 4310; x_wconf 90' lang='lat' dir='ltr'>dumque</span> <span class='ocrx_word' id='word_1_392' title='bbox 538 4243 658 4291; x_wconf 84' lang='lat' dir='ltr'>vexatur</span> <span class='ocrx_word' id='word_1_393' title='bbox 672 4236 709 4293; x_wconf 86' lang='lat' dir='ltr'>ab</span> <span class='ocrx_word' id='word_1_394' title='bbox 724 4232 786 4292; x_wconf 90' lang='lat' dir='ltr'>istis</span> <span class='ocrx_word' id='word_1_395' title='bbox 800 4234 938 4313; x_wconf 88' lang='lat' dir='ltr'>poculum</span> <span class='ocrx_word' id='word_1_396' title='bbox 947 4233 1146 4313; x_wconf 87' lang='lat' dir='ltr'>eripientibus,</span> <span class='ocrx_word' id='word_1_397' title='bbox 1162 4251 1286 4300; x_wconf 81' lang='lat' dir='ltr'>etnotas</span> <span class='ocrx_word' id='word_1_398' title='bbox 1298 4261 1355 4300; x_wconf 87' lang='lat' dir='ltr'>uu·</span> 
     </span>
     <span class='ocr_line' id='line_1_44' title="bbox 263 4319 1356 4411; baseline 0.014 -33"><span class='ocrx_word' id='word_1_399' title='bbox 263 4319 364 4400; x_wconf 84' lang='lat' dir='ltr'>guium</span> <span class='ocrx_word' id='word_1_400' title='bbox 377 4321 407 4380; x_wconf 91' lang='lat' dir='ltr'>in</span> <span class='ocrx_word' id='word_1_401' title='bbox 421 4324 498 4382; x_wconf 91' lang='lat' dir='ltr'>collo</span> <span class='ocrx_word' id='word_1_402' title='bbox 514 4325 583 4384; x_wconf 91' lang='lat' dir='ltr'>dum</span> <span class='ocrx_word' id='word_1_403' title='bbox 596 4325 622 4383; x_wconf 92' lang='lat' dir='ltr'>ei</span> <span class='ocrx_word' id='word_1_404' title='bbox 631 4325 767 4404; x_wconf 83' lang='lat' dir='ltr'>jugulum</span> <span class='ocrx_word' id='word_1_405' title='bbox 781 4327 975 4406; x_wconf 88' lang='lat' dir='ltr'>comprimunt</span> <span class='ocrx_word' id='word_1_406' title='bbox 982 4338 1013 4386; x_wconf 91' lang='lat' dir='ltr'>et</span> <span class='ocrx_word' id='word_1_407' title='bbox 1025 4326 1143 4389; x_wconf 89' lang='lat' dir='ltr'>lividum</span> <span class='ocrx_word' id='word_1_408' title='bbox 1151 4341 1254 4411; x_wconf 88' lang='lat' dir='ltr'>pectus</span> <span class='ocrx_word' id='word_1_409' title='bbox 1264 4331 1356 4393; x_wconf 89' lang='lat' dir='ltr'>habe-</span> 
     </span>
    </p>
   </div>
   <div class='ocr_carea' id='block_1_3' title="bbox 261 4416 1355 4496">
    <p class='ocr_par' dir='ltr' id='par_1_4' title="bbox 261 4416 1355 4496">
     <span class='ocr_line' id='line_1_45' title="bbox 261 4416 1355 4496; baseline 0.016 -24"><span class='ocrx_word' id='word_1_410' title='bbox 261 4422 321 4474; x_wconf 89' lang='lat' dir='ltr'>ret:</span> <span class='ocrx_word' id='word_1_411' title='bbox 343 4432 436 4493; x_wconf 91' lang='lat' dir='ltr'>eoque</span> <span class='ocrx_word' id='word_1_412' title='bbox 448 4416 641 4496; x_wconf 86' lang='lat' dir='ltr'>improbitatis</span> <span class='ocrx_word' id='word_1_413' title='bbox 653 4430 806 4494; x_wconf 84' lang='lat' dir='ltr'>venerunt,</span> <span class='ocrx_word' id='word_1_414' title='bbox 825 4430 860 4480; x_wconf 91' lang='lat' dir='ltr'>ut</span> <span class='ocrx_word' id='word_1_415' title='bbox 871 4439 959 4481; x_wconf 88' lang='lat' dir='ltr'>anum</span> <span class='ocrx_word' id='word_1_416' title='bbox 972 4429 1003 4480; x_wconf 90' lang='lat' dir='ltr'>et</span> <span class='ocrx_word' id='word_1_417' title='bbox 1015 4422 1131 4484; x_wconf 87' lang='lat' dir='ltr'>obtorto</span> <span class='ocrx_word' id='word_1_418' title='bbox 1147 4424 1233 4486; x_wconf 85' lang='lat' dir='ltr'>collo.</span> <span class='ocrx_word' id='word_1_419' title='bbox 1240 4425 1355 4488; x_wconf 82' lang='lat' dir='ltr'>trabere</span> 
     </span>
    </p>
   </div>
   <div class='ocr_carea' id='block_1_4' title="bbox 0 0 1488 5017">
    <p class='ocr_par' dir='ltr' id='par_1_5' title="bbox 0 0 1488 5017">
     <span class='ocr_line' id='line_1_46' title="bbox 0 0 1488 5017; baseline 0 1"><span class='ocrx_word' id='word_1_420' title='bbox 0 0 1488 5017; x_wconf 95' lang='lat' dir='ltr'> </span> 
     </span>
    </p>
   </div>
  </div>
 </body>
</html>
