2967 5017
440 346 609 409 CONTRA
630 342 829 409 NEAERAM.
1134 348 1192 405 ⁷71
1290 340 1298 362 ⁸

101 513 167 561 eum
180 500 387 575 renueretis
411 520 481 563 sues
501 502 581 563 redes
602 502 705 584 Lysias
728 521 789 563 non
809 500 983 577 introduxit,
995 501 1105 563 veritus
1126 520 1197 562 oum

101 610 220 652 uxorem
239 612 329 671 quarn
340 591 479 679 habebat,
489 593 637 675 Brachylli
649 594 750 673 liliam,
760 614 844 661 suam
857 603 985 675 neptem,
998 604 1062 655 tum
1074 603 1198 662 matrem

101 702 183 744 sunm
196 695 268 745 nntu
281 685 434 766 grandem,
447 706 514 766 ques
531 687 561 747 in
574 687 677 749 iisdem
691 688 803 749 aedibus
817 688 982 756 habitaret;
1004 685 1058 747 sed
1072 686 1112 747 ad
1129 686 1198 747 Phi·

101 774 253 836 lostratum
270 778 444 852 Coloneum,
458 774 595 839 coeliuem
610 776 718 853 udhuc,
733 792 765 841 et
778 780 833 841 sibi
852 780 990 852 amicum,
1010 778 1132 839 deducit
1147 798 1198 839 eas

74 903 85 924 ,
101 866 219 947 Lysias,
231 880 293 930 tam
303 870 496 943 -Metaniram,
508 890 596 950 quum
611 871 791 933 Nicaretam.
832 866 1035 933 Comitabetur
1047 889 1097 931 ees
1110 869 1199 945 etiam

101 961 218 1038 Nema,
226 970 288 1041 jam
311 965 432 1045 quidem
450 965 573 1045 vulgato
597 984 729 1046 corpore,
743 965 797 1027 sed
812 964 924 1045 junior,
938 972 969 1023 et
989 972 1078 1023 aetete
1101 963 1200 1026 edhuc

99 1054 264 1117 immatura.
306 1058 346 1117 Ut
360 1058 448 1138 igitur
467 1076 538 1119 rere
554 1078 602 1118 rne
616 1058 724 1134 dicere,
737 1067 769 1121 et
781 1059 874 1120 luisse
888 1057 1038 1119 Nicaretae
1052 1056 1199 1129 Nemram,

100 1156 228 1223 constet,
241 1159 271 1211 et
283 1160 413 1211 mentem
426 1150 518 1222 illam,
531 1158 562 1210 et
573 1150 740 1212 mercedem
752 1150 919 1212 numeranti
929 1148 1022 1212 cuivis
1035 1149 1083 1210 sui
1094 1148 1200 1223 fecisse

100 1240 224 1320 oopism,
238 1241 342 1305 herum
355 1262 453 1304 rerum
467 1242 551 1303 vobis
565 1242 661 1323 ipsum
674 1242 886 1306 Philostratum
895 1262 969 1305 roeo
982 1251 1099 1305 testem.

503 1446 810 1511 TESTIMONIUM.

134 1560 290 1613 Philostratus
308 1562 419 1625 Dionysii
434 1562 496 1613 elles
508 1564 627 1613 colemus
636 1571 735 1613 metetur
748 1566 810 1613 seire
827 1580 854 1613 se
869 1566 977 1613 Neenn
990 1561 1062 1611 luisse
1071 1559 1201 1616 Nieeretes,

101 1640 169 1700 enjus
179 1646 204 1685 et
213 1638 330 1687 Metanira
340 1638 419 1697 luent,
430 1646 455 1686 et
464 1638 493 1686 ed
504 1655 531 1686 ee
548 1656 599 1689 esse
610 1642 745 1697 deductum,
755 1656 809 1689 eurr
825 1642 856 1689 ed
867 1640 936 1687 irritis
946 1640 992 1687 hnc
1006 1636 1135 1695 venissent,
1143 1636 1202 1683 dun

99 1715 206 1763 Corinthi
218 1716 342 1777 deponente
360 1714 423 1775 apud
435 1730 461 1761 se
471 1721 548 1764 entem
557 1730 610 1764 esse
621 1716 747 1765 eullueetu
758 1717 856 1779 ehysie
866 1715 964 1777 Cephali
977 1714 1027 1761 tillo
1036 1712 1112 1761 emico
1122 1728 1165 1763 suo
1176 1718 1201 1761 et

97 1789 218 1839 familiari.

142 1904 172 1961 8.
195 1902 320 1974 Rursus,
333 1900 540 1975 Athenienses,
555 1901 662 1965 deinde
677 1902 775 1963 Simus
789 1902 951 1963 Thessalus
964 1920 1031 1963 curn
1043 1855 1201 1963 Neeeraad

102 2012 214 2074 magna
226 1993 427 2055 Panathenaea
440 1994 570 2069 advenit,
584 1996 742 2057 comitante
761 2015 813 2057 eos
826 1996 914 2056 etiam
928 1994 961 2055 N
963 1995 1082 2073 icarete.
1124 1996 1201 2054 Cum

102 2097 200 2163 autern
222 2088 432 2149 diverterentur
453 2088 492 2151 ad
515 2088 689 2169 Ctesippum
704 2088 901 2151 Glauconidae
916 2087 1020 2162 lilium,
1038 2099 1068 2149 et
1080 2107 1201 2169 compos

103 2183 187 2244 tabat
199 2195 230 2245 et
246 2181 445 2245 concernebat
457 2200 557 2245 coram
567 2170 676 2243 'multis
690 2182 810 2257 Neeere,
824 2194 964 2263 tanquam
976 2183 1121 2243 meretrix.
1163 2182 1202 2241 Et

103 2283 136 2334 nt
148 2296 221 2339 vern
232 2296 280 2337 me
294 2276 390 2336 dicere
404 2283 531 2347 constet,
545 2273 647 2335 horum
661 2275 747 2335 uobis
759 2284 854 2337 testas
867 2293 952 2335 uoco.
994 2275 1070 2355 ege,
1081 2292 1201 2346 accerse

104 2367 173 2429 milri
195 2368 382 2450 Euphiletum
402 2366 530 2429 Simonis
546 2368 586 2429 F.
602 2368 814 2442 AExonensem,
825 2377 857 2430 et
877 2366 1115 2430 Aristomachum
1135 2366 1201 2427 Cri·

103 2461 210 2523 todemi
226 2464 260 2523 1².
273 2462 499 2543 Alopecensem.

569 2627 731 2690 TESTES.

137 2758 278 2822 Euphiletus
288 2756 390 2805 Simonis
402 2758 464 2807 lilius
475 2758 625 2817 AExunensis,
639 2758 816 2807 ¹hristomaohus
826 2758 956 2809 Critodemi
966 2758 1028 2808 tillus
1039 2758 1201 2821 Alopecensie,

109 2838 221 2907 testentur·
232 2836 293 2881 seire
306 2850 332 2883 se
340 2835 429 2883 Simum
441 2836 579 2885 'lhessmnm
590 2836 718 2897 proiectum
729 2852 782 2885 esee
793 2836 896 2885 Athenas
909 2838 940 2885 ed
950 2836 1101 2886 Panathenaea
1110 2850 1201 2897 mapa,

110 2914 132 2955 et
148 2924 201 2959 essm
218 2926 248 2959 es
260 2912 394 2959 Nicerotem
407 2919 432 2959 et
451 2913 558 2961 Neerrrn
575 2928 636 2961 nune
652 2924 826 2975 sumensque
841 2913 968 2961 divortione
981 2914 1044 2975 rpnd
1062 2911 1200 2973 Gtesippnns

109 2984 254 3036 illrueonidre
266 2987 347 3044 filium,
360 2995 383 3037 et
401 3004 454 3037 enm
465 2990 499 3037 eis
511 2994 657 3052 computasse
669 2992 776 3037 Neoerenr
786 2998 894 3052 tanquam
905 2989 1058 3049 meretricem,
1068 3003 1122 3035 enm
1131 2987 1201 3037 etiem

110 3058 145 3109 elii
153 3058 219 3113 multi
230 3066 339 3114 adessent
350 3075 375 3115 et
387 3058 546 3131 competerent
556 3068 618 3129 apud
630 3067 777 3130 Gtesippurn.

146 3178 175 3239 9.
197 3180 271 3239 Post
282 3179 347 3241 hoec
363 3180 463 3260 igitur,
473 3202 541 3242 eum
555 3182 687 3243 Corinthi
700 3183 799 3263 pelam
811 3194 958 3262 quaestum
971 3184 1146 3263 occepisset,
1165 3202 1200 3243 ec

111 3271 256 3347 nohilitatn
269 3287 359 3345 esset,
382 3282 445 3333 turn
459 3274 509 3335 alii
523 3274 587 3355 ejus
609 3292 708 3335 amore
722 3274 802 3354 capti
815 3285 896 3349 sunt,
917 3286 979 3335 tum
999 3286 1087 3355 poeta
1097 3276 1201 3335 Xeno·

110 3360 204 3439 elides,
218 3377 250 3439 et
269 3366 459 3447 Hipparchus
474 3366 587 3441 histrio,
601 3386 724 3447 eamque
743 3368 921 3429 conductam
939 3367 1114 3430 habuerunt.
1155 3369 1201 3429 Ac

111 3469 153 3513 tue
172 3478 242 3521 vera
265 3460 373 3533 dicere,
397 3458 570 3533 Xenoclide
590 3460 758 3521 testimonio
771 3459 855 3533 vobis
873 3461 1028 3523 ostendere
1050 3481 1110 3521 non
1131 3480 1202 3540 pos-

112 3550 293 3631 sum-leges
309 3550 385 3611 enim
401 3551 498 3611 dicere
510 3552 707 3613 testimonium
720 3572 780 3613 non
794 3554 910 3613 sinunt:
921 3553 1001 3631 qnod
1013 3552 1097 3613 robis
1109 3553 1201 3613 Lace-

112 3636 266 3705 deemonios
281 3644 518 3718 defendentibus,
532 3645 700 3707 Callistrato
720 3658 848 3718 auctore,
861 3666 929 3707 cum
944 3646 1109 3726 refragatus
1121 3656 1202 3705 esset

112 3726 148 3788 illi
166 3734 329 3797 defensioni
350 3758 403 3817 pro
421 3738 573 3815 concione,
586 3738 724 3798 frumenti
745 3728 990 3817 quinquagesima
1012 3739 1042 3798 in
1061 3756 1136 3817 pace
1155 3757 1202 3801 re·

113 3825 236 3912 dempta,
255 3855 381 3914 cumque
401 3855 468 3896 eum
492 3834 614 3915 singulis
638 3845 759 3897 senatus
779 3836 972 3897 conventibus
991 3834 1148 3916 pensiones
1171 3835 1203 3897 in

112 3923 186 3985 ouria
198 3946 351 3989 numerare
371 3938 529 4009 oporteret,
543 3938 573 3989 et
593 3929 708 4009 legibus
721 3929 793 3989 data
806 3928 988 3989 immunitate
1005 3927 1159 4003 imeretur,
1171 3930 1203 3990 in

114 4030 172 4074 enm
190 4021 410 4102 expeditionem
421 4041 481 4084 non
494 4040 679 4102 progressus,
691 4032 721 4083 et
743 4042 762 4082 a
784 4022 936 4102 Stephano
953 4022 1078 4081 desertoe
1091 4020 1203 4083 milities

115 4120 271 4186 tccusatus,
297 4124 329 4175 et
352 4116 431 4195 apud
450 4116 573 4179 Judices
597 4117 627 4177 in
651 4115 752 4178 odium
776 4125 863 4195 atque
886 4114 1025 4177 invidiam
1045 4112 1201 4190 adductus,

115 4194 275 4281 dannatus,
303 4208 523 4289 ignominiaque
539 4218 659 4271 notatus
679 4220 734 4270 est.
775 4210 824 4270 An
837 4227 907 4271 vero
923 4228 983 4269 non
995 4208 1126 4287 iniquum
1138 4230 1203 4274 esse

115 4296 225 4374 Putatis,
236 4321 305 4362 cum
319 4312 425 4363 natura
437 4304 527 4380 cives,
540 4313 572 4365 et
588 4303 719 4383 legitima
736 4302 851 4363 ratione
862 4303 989 4364 civitatis
1003 4300 1172 4384 participes,
1185 4324 1205 4364 a

26 4426 27 4451 ;
116 4380 260 4465 Stephano
274 4395 391 4459 ciuitate
405 4397 464 4457 sint
483 4396 605 4476 priuati:
627 4396 741 4477 eosqui
755 4395 873 4466 omnino
885 4395 974 4457 alieni
987 4404 1068 4470 aunt,
1081 4416 1132 4474 per
1143 4397 1202 4457 rim

26 4570 27 4575 ἵ
116 4490 164 4549 nm
177 4483 408 4551 Atheniensibus
421 4489 531 4552 intrudi
545 4499 647 4552 contre
656 4508 760 4551 omnes
771 4489 855 4570 leges
862 4488 926 4562 tw,
936 4489 1136 4571 llipparchum
1150 4508 1204 4551 au·
