2967 5017
471 793 905 884 DEMOSTHENIS

331 1031 613 1101 uxultmn
638 1031 1021 1109 conmonuit.
1068 1089 1083 1106 .

632 1241 729 1262 -n-

671 1381 695 1441 l.

133 1525 141 1538 ·
178 1497 217 1557 δι
229 1497 273 1557 de
287 1515 365 1558 novo
376 1494 512 1575 quopiesn
534 1497 655 1576 negotio
672 1497 783 1558 indicte
799 1498 1009 1573 coueioesset,
1021 1496 1223 1570 Athenienses,

128 1589 346 1650 continuissem
358 1588 487 1648 medum
500 1587 627 1649 mexime
638 1609 707 1668 pers
716 1608 814 1649 eorurn
825 1592 874 1671 qui
887 1591 958 1650 dere
966 1589 1117 1650 eonsilium
1128 1587 1225 1650 solent

129 1682 298 1741 sententies
311 1682 441 1755 dixisset,
454 1699 578 1761 quorum
591 1681 695 1758 siquis
707 1682 835 1742 retiones
852 1681 922 1740 mihi
940 1680 1128 1760 placuissent,
1142 1680 1224 1760 quie·

129 1771 264 1832 vissem:
285 1773 330 1832 sin
348 1775 453 1847 minus,
467 1784 528 1834 tum
546 1773 657 1852 etipse
670 1792 736 1852 qne
751 1773 845 1834 sentio
860 1775 956 1834 dicere
975 1782 1098 1834 conotus
1118 1791 1223 1833 essem.

130 1861 200 1920 Sed
212 1863 291 1940 quie,
303 1864 408 1942 quibus
423 1867 560 1926 derebus
580 1864 627 1923 isti
645 1884 724 1944 saepe
747 1873 834 1926 snt'ee
853 1863 944 1926 verbe
963 1864 1104 1936 iecerunt,
1117 1863 1155 1924 de
1167 1863 1223 1926 illis

128 1973 216 2013 nunc
237 1953 411 2029 deliberatis,
432 1957 554 2018 urbitror
578 1973 636 2028 me,
648 1957 779 2035 quemvis
803 1957 912 2038 primus
938 1954 1118 2026 surrexerim,
1137 1973 1224 2034 posse

128 2057 235 2107 temen
248 2047 339 2108 videri
357 2051 458 2110 merito
478 2049 574 2110 dicere
591 2056 659 2128 poet
673 2049 757 2108 istos.
800 2047 887 2117 Quod
910 2048 935 2108 si
955 2047 1111 2128 proeolerus
1129 2065 1223 2107 rerum

129 2148 232 2200 status
247 2151 336 2212 esset,
360 2143 526 2203 consultare
553 2159 798 2220 supervacaneum
821 2140 914 2201 foret:
936 2159 1093 2214 eumvero,
1106 2151 1138 2199 ut
1159 2138 1225 2200 uni·

129 2234 210 2292 versi
226 2232 338 2306 ridetis,
349 2236 472 2296 multum
493 2237 524 2294 in
547 2234 590 2295 eis
613 2233 791 2294 difficultatis
812 2234 889 2306 insit,
905 2243 939 2294 ut
959 2233 1021 2313 ipse
1042 2231 1224 2312 negotiorum

132 2324 268 2386 conditio
280 2328 398 2405 petitur,
414 2329 457 2388 sie
479 2327 550 2388 dere
568 2326 723 2387 eonsilium
743 2327 824 2405 quod
845 2325 915 2385 mihi
934 2326 1125 2386 rectissimum
1145 2325 1226 2386 ride·

132 2418 215 2477 bitur
227 2420 364 2478 couebor.
403 2420 532 2479 Primum
554 2418 642 2498 igitur
663 2417 735 2478 illud
757 2417 940 2479 statuendum
954 2427 1009 2489 eet,
1029 2417 1100 2478 nihil
1114 2431 1223 2490 eorum,

131 2530 203 2589 quse
222 2511 301 2571 bello
324 2511 452 2590 gerendo
469 2511 603 2590 occupati
617 2511 802 2584 lectitebetis,
817 2511 955 2591 deinceps
969 2510 1051 2572 vobis
1066 2529 1132 2572 esse
1145 2509 1225 2570 'feci-

129 2603 256 2671 endum,
270 2602 322 2661 sed
347 2601 444 2662 omnis
465 2602 608 2662 contrusis
629 2601 744 2679 potins:
765 2622 832 2662 nam
855 2602 879 2663 si
900 2601 952 2663 illu
970 2604 1042 2662 rstio
1064 2601 1224 2682 perniciose

130 2695 204 2762 fuit,
217 2707 446 2754 consentaneum
468 2701 514 2754 est
536 2693 680 2754 divensem
701 2692 764 2754 lore
787 2694 942 2754 meliorem.
989 2693 1103 2752 Deinde
1124 2693 1224 2754 existi·

129 2782 277 2845 mendum
290 2794 345 2854 est,
359 2803 418 2844 non
431 2803 510 2854 eum,
524 2783 575 2862 qni
587 2783 668 2842 robis
681 2791 732 2842 aut
742 2782 813 2841 nihil
825 2783 995 2862 sntexigoe
1007 2781 1136 2854 mandet,
1146 2795 1224 2844 reete

130 2874 377 2938 dicere-videtis
390 2876 477 2948 enim,
489 2876 560 2936 dnm
573 2873 648 2948 teles
662 2893 729 2954 spes
742 2885 773 2934 et
786 2873 929 2934 orationes
939 2875 1045 2956 cupide
1058 2875 1224 2949 eudiuntur,

130 2967 164 3027 in
177 2984 325 3027 summum
338 2965 493 3028 discrimen
512 2965 629 3028 venisse
648 2963 908 3045 rempublicem-,
921 2967 975 3028 sed
993 2983 1061 3026 enm
1079 2966 1138 3045 qni,
1150 2986 1224 3048 neg-

128 3057 214 3119 lecto
233 3057 400 3118 essentendi
413 3056 520 3129 studio,
541 3076 578 3116 ee
600 3075 667 3136 ques
685 3076 760 3137 opus
775 3067 853 3128 eunt,
866 3067 896 3116 et
909 3077 961 3137 per
973 3076 1040 3136 ques
1054 3065 1224 3138 susceptum

131 3151 265 3212 dedecus
291 3152 459 3214 eboleemus
493 3152 659 3229 lectumque
685 3155 833 3226 jacturam
858 3152 1057 3226 resarciamus,
1079 3151 1225 3226 suadent.

134 3244 215 3306 Nem
229 3245 255 3304 si
268 3244 386 3323 quidem
409 3245 451 3305 its
467 3253 666 3322 comparatum
679 3251 766 3314 esset,
786 3251 820 3302 ut
832 3242 1076 3323 quemsdmodum
1094 3244 1225 3306 moleste

132 3338 278 3398 oretiones
298 3336 548 3416 prosternendo
572 3335 661 3396 etiem
685 3336 821 3414 resipere
840 3355 906 3414 qum
929 3335 1092 3396 molestiam
1106 3337 1223 3416 pariunt

134 3429 286 3508 preteriri,
299 3439 430 3509 possent,
452 3429 572 3490 omniuo
594 3436 677 3486 esset
698 3426 738 3486 nd
760 3427 882 3505 grauem
907 3426 1162 3488 concionandumr
1177 3431 1223 3488 sin

133 3522 285 3582 verborum
302 3521 457 3596 ¹blenditie
479 3521 654 3608 cum-rebus
675 3517 756 3578 hend
769 3527 962 3598 congruentes
976 3518 1132 3599 perniciem
1153 3519 1222 3580 effe·

134 3609 217 3685 runt,
228 3623 314 3693 turpe
335 3622 383 3673 est
403 3612 458 3672 sibi
482 3611 578 3690 ipsum
600 3610 827 3681 fucumfeoere,
842 3621 872 3672 et
894 3620 1024 3671 extreme
1043 3611 1160 3670 demum
1177 3631 1223 3670 ur-
1271 3687 1277 3700 ‚

134 3714 226 3782 gente
247 3705 422 3768 necessitate
434 3723 470 3765 ee
485 3703 642 3783 suscipere,
657 3722 722 3782 ques
735 3701 799 3782 jem
820 3701 889 3762 olim
907 3702 984 3762 ultro
1002 3700 1136 3763 coniectu
1156 3719 1223 3762 esse

134 3798 297 3875 oportebat.

659 3929 699 3987 ll.

110 4149 112 4152 Α
173 4073 245 4134 Non
268 4074 346 4134 idem
371 4085 501 4136 statuere
524 4091 653 4154 possum
675 4072 881 4142 Athenienses,
902 4088 969 4130 curn
982 4067 1067 4148 Reip.
1082 4085 1225 4128 nomene

134 4167 215 4228 vobis
228 4159 379 4241 eudio,'et
401 4189 468 4229 cnm
480 4167 565 4228 video
588 4166 736 4246 quomodo
756 4175 884 4226 vestrum
899 4163 1017 4242 quidem
1040 4161 1103 4242 ejus
1123 4160 1225 4221 deten-

135 4275 215 4320 sores
230 4270 356 4322 trectere
369 4262 494 4322 soleant.
535 4256 859 4340 Rempublicenscnim,
873 4255 904 4316 id
917 4255 998 4335 quod
1012 4253 1101 4316 nostis
1113 4272 1225 4328 omnes,

134 4347 343 4416 democretiem
368 4352 539 4415 nominetis:
561 4352 615 4413 sed
628 4352 773 4432 quosdam
794 4349 843 4429 qul
868 4347 936 4408 huie
956 4347 1229 4410 contrariedicunt
1340 4343 1348 4356 “

134 4437 300 4536 libentinss
317 4446 464 4509 nonnullis
487 4445 580 4507 eudiri
602 4444 809 4506 enimedrerto.
852 4441 945 4520 Cujus
969 4443 1009 4506 rei
1029 4441 1116 4502 miror
1135 4457 1225 4500 ceusu
