2967 5017
476 383 519 443 rn
540 381 875 472 crnsrrnonrsn.
994 380 999 388 ·
1187 381 1243 492 aa⁸

69 609 79 620 ,
126 555 195 598 cum
208 536 337 618 Philippi
349 535 544 598 caduceatore
558 546 588 597 et
596 536 705 617 legatis
717 535 815 599 tetus
827 535 988 602 feriremur,
1002 533 1090 620 mans
1102 531 1138 594 lis
1151 551 1220 595 con-

126 639 269 691 sentanea
281 629 411 690 scribens
431 649 497 709 quse
518 630 686 690 decreverat
702 627 902 690 Philocrates:
924 627 973 688 ille
995 627 1071 686 enim
1092 621 1220 707 potes'ta·

76 738 82 748 ’
126 729 186 781 tem
198 721 280 782 dedit
292 731 326 780 nt
339 722 546 782 caduceatores
559 721 617 781 huc
631 731 661 782 et
673 721 762 800 legati
776 723 968 792 mitterentur,
980 717 1026 780 hic
1039 738 1104 779 curn
1116 717 1220 797 legatis

127 813 224 872 lcedns
237 814 297 872 icit.
317 812 386 872 lam
400 831 469 873 vero
481 815 519 873 ad
532 833 569 873 ea
581 815 824 891 quoe'sequnntur
835 812 1024 872 vehementer
1044 831 1144 889 quaeso
1157 807 1220 870 ani-

127 923 192 963 mos
207 904 359 964 attendite.
395 904 470 964 Acta
484 906 559 964 enim
583 913 730 962 enncnon
750 907 811 978 jam
836 902 915 982 apud
934 912 1056 963 coeteros
1065 902 1180 981 legatos
1202 917 1220 958 a

128 994 325 1055 Demosthene
334 1003 438 1072 postea
446 995 609 1053 mutatione
623 994 702 1052 lacta
711 1013 764 1074 per
774 993 948 1052 calumniam
958 994 1080 1052 multum
1092 991 1220 1071 exagita-

125 1095 183 1157 tos,
195 1086 246 1145 sed
261 1087 369 1144 seorsim
382 1086 461 1164 apud
475 1085 670 1146 Philocratem
688 1095 719 1145 et
736 1084 1101 1163 Demosthenem—neque
1119 1085 1149 1142 id
1167 1083 1220 1141 nri·

125 1197 202 1248 rum,
218 1177 325 1257 qnippe
345 1179 395 1255 qui
409 1197 470 1236 una
481 1177 657 1255 legationem
670 1177 812 1249 obierant,
834 1197 892 1238 una
914 1179 1032 1239 decreta
1050 1178 1221 1236 fecerant-

125 1272 261 1349 primurn,
274 1280 309 1328 ut
319 1271 435 1347 legatos
448 1269 497 1346 qni
511 1289 530 1328 a
542 1269 624 1327 vobis
638 1268 719 1328 missi
735 1269 848 1328 Grecos
865 1270 895 1328 iu
910 1270 1078 1349 Philippum
1093 1270 1221 1328 concita·

125 1363 198 1421 bant
214 1379 275 1419 non
293 1360 517 1438 exspectaretis,
537 1379 575 1420 ne
593 1361 785 1420 communiter
807 1381 874 1420 curn
896 1363 1009 1421 cacteris
1031 1360 1145 1418 Graecis
1167 1360 1220 1420 sed

123 1454 267 1533 privatam
279 1471 346 1511 cum
360 1471 514 1530 capacem
529 1453 663 1512 faciatis:
683 1453 791 1514 deinde
805 1463 908 1513 utnon
920 1471 1025 1533 pacem
1038 1459 1152 1509 tantum
1167 1449 1222 1510 sed

124 1546 213 1606 etiam
236 1545 409 1604 societatem
429 1563 496 1604 cum
514 1544 651 1625 Philippo
665 1519 841 1621 scissetis,
856 1557 889 1606 ut
903 1545 928 1605 si
944 1543 994 1623 qui
1016 1551 1093 1602 sorte
1113 1542 1222 1620 populo

125 1635 298 1697 Atheniensi
315 1636 562 1708 auscultaverunt,
583 1637 621 1696 ad
635 1656 778 1697 summam
802 1637 958 1716 adigantur
978 1635 1233 1714 desperationem,-

123 1747 192 1788 cum
203 1727 337 1786 viderent
348 1747 400 1787 vos
414 1727 468 1787 srbi
477 1728 596 1805 quidem
604 1727 676 1786 belli
690 1727 870 1806 suscipiendi
879 1727 1044 1788 hortatores
1054 1745 1129 1799 esee,
1143 1723 1222 1786 domi

123 1839 192 1881 vero
204 1839 265 1879 non
278 1818 367 1878 modo
379 1837 483 1899 pacem
496 1837 563 1878 cnm
577 1838 614 1878 eo
633 1817 686 1878 sed
706 1827 737 1877 et
750 1819 920 1878 societatem
939 1817 1099 1877 ineundam
1119 1815 1222 1878 decre·

123 1913 219 1973 visse:
239 1921 389 1990 postremo
401 1929 439 1970 ne
452 1929 505 1969 rex
520 1909 655 1969 Thraciae
669 1909 1002 1990 Cersobleptesl'oedere
1013 1910 1222 1986 contineretur,

123 2025 197 2064 nere
216 2004 297 2083 pacis
321 2023 356 2063 ac
375 2001 525 2062 societatis
546 2011 628 2063 esset
647 2002 806 2082 particeps.
836 2003 906 2062 Jam
921 2012 1019 2064 nutem
1031 2000 1177 2082 expeditio
1192 2003 1222 2062 in
1325 2015 1336 2032 ⁸

125 2116 191 2157 eum
209 2106 273 2156 erat
285 2095 407 2155 indicta.

163 2191 214 2246 24.
236 2189 335 2266 Atque
356 2187 382 2246 is
399 2187 518 2266 quidem
534 2186 584 2266 qui
599 2186 664 2250 hoec
676 2186 840 2248 redimebat
853 2185 924 2248 nihil
938 2187 1009 2248 iecit
1021 2186 1131 2266 iniqui:
1152 2205 1221 2247 nam

124 2280 293 2360 priusquam
313 2288 500 2338 sacramenta
518 2289 549 2337 et
563 2278 674 2338 t’oedera
687 2281 938 2352 confirmarentur,
958 2299 1016 2341 non
1030 2289 1093 2338 erat
1106 2277 1132 2337 ei
1151 2278 1221 2338 vitio

123 2371 266 2442 dandum,
280 2369 305 2428 si
316 2369 378 2428 suis
388 2368 551 2426 commodis
563 2371 701 2437 serviret:
723 2371 775 2448 qni
785 2389 853 2430 vero
864 2370 1002 2449 praesidia
1012 2369 1137 2429 civitatis
1149 2388 1222 2430 ven·

125 2463 237 2522 debant
248 2470 280 2520 et
291 2479 358 2519 cum
371 2479 407 2518 eo
417 2462 681 2533 communicabant,
693 2461 713 2520 ii
726 2462 844 2522 demum
859 2481 968 2542 magna
978 2461 1059 2540 digni
1069 2471 1153 2520 erant
1165 2461 1222 2523 ira·

123 2553 240 2615 cundia.
269 2549 346 2636 Nam
360 2549 456 2626 quise
475 2569 555 2608 nunc
573 2550 732 2609 Alexandri
750 2561 820 2611 tuno
841 2553 969 2631 Philippi
990 2572 1106 2612 osorem
1127 2553 1221 2614 luisse

123 2644 240 2706 dictitat
252 2640 484 2714 Demosthenes,
498 2639 548 2717 qui
560 2638 721 2718 hospitium
736 2640 895 2700 Alexandri
909 2643 978 2700 milri
992 2645 1158 2719 exprobret,
1170 2647 1222 2705 de-

123 2746 206 2798 creto
222 2735 319 2814 jubet,
336 2730 503 2809 reipublice
516 2730 721 2792 occasionibus
737 2729 918 2809 interceptis,
938 2741 972 2790 ut
991 2741 1130 2811 prytanes
1150 2754 1222 2794 con·

122 2831 238 2890 cionem
249 2825 379 2886 babeant
393 2833 496 2884 octavo
509 2822 557 2883 die
570 2823 680 2882 mensis
695 2821 946 2901 Elaphebolionis,
961 2841 1027 2881 cum
1048 2823 1223 2904 AEsculapio

123 2940 208 2983 sacra
220 2921 324 2978 fierent
337 2927 447 2977 etcum
467 2915 611 2996 praeludia
630 2925 797 2994 agerentur,
817 2913 909 2973 indie
929 2913 1006 2973 festo
1025 2913 1148 2986 scilicet,
1163 2935 1222 2995 quo

123 3032 211 3074 nemo
222 3028 352 3089 unquam
363 3007 496 3068 meminit
504 3008 676 3088 concionem
689 3005 802 3066 baberi.
836 3007 1002 3072 Quamnam
1015 3007 1134 3065 causam
1149 3027 1225 3086 prae·

123 3102 270 3167 tendensl
303 3101 434 3171 Scilicet,
462 3109 507 3158 ut
530 3097 649 3157 simul
676 3108 799 3177 atque
824 3096 1066 3174 advenerint
1089 3116 1108 3157 a
1134 3097 1223 3158 Phi·

122 3199 238 3278 lippo
264 3193 403 3272 legati,
423 3190 597 3270 populus
619 3209 732 3268 quam
755 3190 988 3250 maturrime
1015 3188 1223 3250 consultet

124 3285 171 3350 d'e
201 3287 322 3346 rebus
359 3281 405 3340 ad
438 3279 676 3359 Philippum
704 3279 1019 3356 pertinentibus,
1045 3279 1087 3336 ita
1110 3280 1223 3360 eisqui

121 3380 253 3442 nandum
275 3375 397 3433 aderant
417 3368 525 3446 legatis
546 3368 717 3425 concionem
731 3369 962 3443 praeoccupavit,
976 3379 1007 3424 et
1026 3379 1160 3448 tempora
1172 3375 1241 3433 ves

123 3483 186 3534 stra
198 3461 370 3540 interceplt;
392 3477 453 3516 rem
474 3457 600 3534 denique
618 3454 803 3527 acceleravit,
817 3474 856 3514 ne
879 3475 947 3514 cum
966 3459 1080 3516 caeteris
1099 3459 1222 3539 Graecia,

121 3560 228 3624 vestris
247 3552 351 3633 legatis
368 3550 431 3629 jam
446 3546 577 3618 reversis,
599 3544 652 3605 sed
676 3544 731 3604 soli
752 3565 854 3624 pacem
876 3545 1021 3604 laceretis.
1054 3547 1128 3608 Post
1147 3551 1221 3627 hac,

120 3650 331 3716 Athenienses,
352 3641 533 3702 advenerunt
546 3658 573 3724 ⁸a
584 3635 719 3715 Philippo
740 3638 840 3718 legati,
862 3636 951 3695 vestri
974 3645 1072 3696 autem
1100 3643 1224 3705 aberant

122 3747 247 3807 Grecos
260 3747 364 3801 contra
375 3731 545 3810 Philippum
559 3728 753 3789 concitantes.
799 3729 856 3788 llic
871 3726 994 3786 alterum
1008 3729 1096 3790 etiam
1110 3731 1220 3796 Demo-

122 3838 244 3899 sthenes
265 3835 417 3910 expugnat
435 3823 632 3904 plebiscitum,
653 3843 712 3902 quo
732 3822 871 3892 decernit,
885 3830 920 3880 ut
933 3839 987 3882 vos
1008 3842 1067 3882 non
1087 3823 1125 3884 de
1144 3847 1219 3907 pace

122 3931 218 3992 solum
231 3943 333 3986 veram
346 3921 434 3980 etiam
449 3917 487 3977 de
500 3917 641 3976 societate
654 3915 808 3976 consilium
820 3911 953 3993 capiatis,
967 3935 1027 3973 non
1041 3923 1219 3996 exspectatis

86 4003 101 4026 ⁹
120 4019 228 4100 legatis
247 4013 360 4081 vestris,
375 4010 426 4070 sed
446 4008 544 4069 statim
559 4019 629 4088 post
646 4006 791 4088 Dionysia
809 4006 921 4066 urbana
935 4005 1049 4067 decimo
1066 4017 1169 4071 octavo
1189 4024 1220 4075 et

122 4131 202 4175 nono
216 4106 324 4170 mensis
337 4103 395 4164 die.
425 4101 467 4161 Ut
480 4109 578 4161 summ
598 4119 646 4162 me
658 4118 728 4159 vera
742 4099 840 4163 dicere
852 4097 1033 4180 intelligatis,
1048 4099 1148 4162 audite
1166 4104 1217 4167 de.

123 4215 213 4267 theid·

489 4313 503 4332 ⁶
564 4346 771 4410 necuere.

161 4505 212 4562 25.
232 4497 309 4560 Cum
322 4498 419 4577 igitur,
440 4493 646 4569 Athenienses,
666 4489 864 4574 preterierant
883 4489 1038 4573 Dionysia,
1058 4503 1089 4556 et
1107 4493 1216 4559 habita
