2967 5017
265 287 302 358 re
577 298 749 362 esurus
771 299 1050 364 rrmsucuuu.
1148 381 1152 386 .

146 439 151 456 ’
260 451 333 522 Quis
341 448 414 531 er‘go
427 451 502 513 eden
513 454 600 514 mser
611 464 668 528 est,
675 454 732 532 qni
740 454 894 533 perspicue
907 453 977 513 velit
989 452 1047 513 tsle
1057 439 1210 532 'perbibere
1223 449 1359 510 testimo-

261 545 457 618 sniumundo,
482 546 506 604 si
524 565 625 606 verum
650 547 766 618 dixerit,
784 545 922 606 ostendat
944 565 977 605 se
996 554 1157 605 extremum
1183 543 1364 623 supplicium

247 638 494 714 ,commeruisset
514 639 618 716 Itaque
641 637 715 698 illud
728 650 774 697 est
795 638 946 717 reliquum,
961 649 995 698 ut
1012 637 1063 717 qui
1081 655 1188 716 pessus
1210 645 1258 695 est
1270 635 1363 695 conli-

203 718 207 724 ’
261 741 366 792 matur.
400 729 510 789 Verum
529 731 567 790 ob
581 730 639 789 hoc
659 741 824 802 accusatur,
838 731 918 809 quod
936 730 982 789 his
997 729 1132 788 admissis
1153 737 1257 787 contus
1270 727 1362 806 legas

259 823 415 882 conciones
427 820 544 881 habeat
565 820 663 880 Vultis
674 821 773 898 igitur,
788 831 821 879 ut
833 831 925 881 totam
938 839 997 880 rem
1008 821 1188 892 omittamus,
1197 838 1254 879 nec
1263 819 1361 898 inqui·

259 933 357 975 remim
371 912 503 974 seilicet?
525 911 653 991 Egregie
666 913 800 990 prolecto
814 914 884 974 urbs
898 912 1052 985 incoletur,
1065 911 1090 972 si
1103 931 1171 990 qum
1183 911 1239 990 ipsi
1251 911 1360 990 reipsa

258 1006 321 1065 lieri
339 1006 459 1077 scimus,
472 1012 508 1064 ed
520 1005 577 1064 nisi
597 1006 662 1083 quis
681 1005 767 1064 nobis
781 1004 839 1063 hue
859 1023 1042 1083 progressus,
1060 1003 1147 1064 dmul
1168 1003 1316 1063 evidenter
1328 1013 1362 1062 et

257 1096 442 1176 impudenter
468 1115 523 1155 suo
550 1095 718 1156 testimonio
745 1096 933 1168 confirmarit,
960 1107 1116 1176 propterea
1141 1094 1358 1156 obliviscemur.

257 1189 352 1269 quue
364 1189 411 1250 vel
424 1188 566 1268 exemplis
586 1187 751 1268 intelligite.
783 1189 837 1248 Est
849 1199 947 1248 antem
961 1187 1157 1248 necessarium
1171 1187 1291 1260 scilieet,
1305 1209 1358 1248 er-

256 1282 355 1361 empls
367 1300 433 1340 esse
445 1279 609 1340 consimilia
621 1279 768 1339 Timarchi
782 1281 920 1340 moribus.
949 1279 1064 1340 Videtis
1074 1298 1125 1339 eos
1140 1278 1189 1357 qui
1207 1279 1237 1337 in
1250 1280 1359 1358 prosti-

255 1373 332 1433 bulis
347 1372 462 1445 sedent,
476 1384 506 1431 et
525 1368 622 1430 scelus
636 1370 716 1430 istud
736 1370 906 1442 admittunt,
918 1381 953 1430 ut
966 1371 1078 1430 inficias
1098 1369 1140 1428 ire
1155 1389 1216 1428 uon
1230 1371 1355 1450 possint.

255 1466 370 1526 Temen
384 1465 442 1539 isti,
452 1484 521 1525 cum
532 1463 560 1523 ei
574 1463 743 1524 necessitati
757 1475 802 1524 est
814 1463 985 1543 parendum,
999 1463 1129 1524 dedecus
1144 1461 1176 1526 id
1189 1463 1355 1523 velamento
1469 1465 1470 1472 ’

253 1557 383 1639 quodam
397 1567 508 1636 tegunt,
522 1567 553 1616 et
566 1555 634 1616 loris
649 1556 822 1616 occludunt.
844 1555 932 1624 Quod
947 1555 1041 1635 siquis·
1050 1555 1288 1636 pratereundum
1302 1575 1355 1615 ros

252 1660 451 1733 percontetur,
465 1648 537 1728 quid
549 1648 637 1709 homo
651 1649 701 1710 ille
721 1659 793 1710 tuuc
807 1658 887 1728 agat,
909 1651 1007 1708 statim
1024 1649 1128 1709 dicatis
1150 1667 1258 1714 nomen
1274 1647 1354 1708 illius

251 1745 409 1806 facinoris:
430 1763 598 1822 quanquam
619 1764 678 1804 non
696 1742 824 1804 videritis
838 1743 904 1822 quis
917 1744 1005 1802 luerit
1028 1743 1189 1821 ingressus,
1204 1743 1257 1803 sed
1271 1763 1353 1822 qure-

251 1847 329 1897 stum
340 1836 440 1897 sciatis
458 1835 496 1893 ab
514 1835 564 1893 illo
577 1834 694 1894 homine
713 1835 891 1907 institutum,
904 1845 934 1894 et
947 1853 1008 1893 rem
1022 1833 1203 1914 intelligatis.
1237 1832 1352 1893 Eodem

250 1928 340 2008 igitur
350 1927 438 1987 modo
448 1945 498 1985 vos
508 1926 597 1985 decet
608 1926 638 1985 in
649 1925 837 1986 Timarchum
847 1927 936 1996 etism
949 1928 1113 2004 inquirere:
1128 1946 1183 1987 neo
1192 1926 1267 1986 illud
1277 1945 1350 1986 eon·

251 2020 389 2092 siderare,
408 2039 446 2078 an
460 2017 563 2095 aliquis
577 2016 691 2089 viderit,
710 2019 817 2078 sedan
837 2037 883 2078 res
900 2019 938 2078 ab
959 2038 995 2077 eo
1009 2028 1174 2098 perpetrata
1194 2018 1247 2078 sit'
1271 2017 1350 2078 Nam

207 2125 213 2146 ¹
248 2112 321 2191 quid
332 2131 385 2192 per
397 2111 480 2183 deos,
496 2110 661 2183 Timsrche,
684 2111 842 2172 dicendum
856 2111 924 2172 esst
947 2112 1009 2172 Aut
1021 2111 1093 2189 quid
1105 2112 1169 2190 ipse
1181 2118 1215 2170 tu
1234 2110 1347 2172 dioeies

248 2206 288 2267 de
300 2204 551 2281 sliohomine,qni
561 2203 664 2262 eodem
679 2204 800 2263 erimine
813 2203 1022 2263 accusareturl
1043 2202 1183 2283 Autquid
1192 2203 1349 2263 dicendum
1369 2229 1375 2238 ·

210 2318 212 2323 ·
248 2309 304 2371 est,
316 2319 385 2358 curn
398 2299 487 2357 homo
504 2297 690 2372 adolescens,
704 2297 833 2378 paternis
845 2295 955 2355 edibus
970 2295 1089 2369 relictis,
1103 2297 1133 2356 in
1146 2295 1243 2356 aliena
1256 2295 1351 2356 domo'

202 2466 204 2471 ι
244 2400 407 2470 pernoctet,
418 2391 482 2448 aliis
496 2389 577 2447 vultu
593 2399 758 2466 praestans:
781 2408 849 2449 cum
863 2385 1040 2468 sumptuosis
1052 2387 1144 2448 'coenis
1164 2389 1270 2448 fruitur
1283 2389 1347 2449 sine

245 2501 302 2542 suo
319 2480 454 2560 sumptu:
476 2498 544 2540 cum
557 2490 588 2539 et
600 2479 736 2542 tibicinas
751 2482 849 2553 hehet,
864 2493 951 2561 atque
973 2483 1138 2542 meretrices
1151 2484 1347 2562 sumptuosis-

245 2575 353 2634 slmus:
373 2593 442 2633 cum
453 2574 520 2633 ales
529 2572 621 2636 ludit:
637 2593 692 2635 nec
701 2575 766 2654 ipss
780 2575 938 2654 quicquam
952 2574 1049 2648 solvit,
1065 2575 1118 2635 sed
1131 2573 1207 2634 alins
1219 2593 1275 2653 pro
1287 2593 1346 2644 eos

245 2665 378 2744 nunquid
387 2665 486 2725 adhuc
498 2665 557 2724 ists
568 2665 774 2725 divinationem
788 2665 960 2744 requiruntl,
977 2666 1047 2726 Non
1057 2667 1178 2746 planum
1190 2675 1248 2739 est,
1262 2667 1347 2728 alites

243 2758 306 2819 fleri
318 2777 379 2817 non
393 2775 493 2837 posse,
505 2757 578 2838 quin
588 2758 613 2818 is
623 2758 674 2838 qni
686 2767 733 2818 tot
744 2777 792 2820 res
806 2759 951 2838 sliquihns
964 2759 1095 2838 imperet,
1110 2759 1216 2838 etipse
1229 2779 1283 2838 pro
1297 2759 1343 2836 his

242 2849 408 2929 voluptates
433 2849 579 2930 aliquibus
604 2850 784 2929 suppeditet,
806 2853 857 2931 qni
879 2851 968 2912 etism
995 2861 1148 2929 argentum
1169 2851 1345 2912 insumentl

243 2941 349 3021 lisque
366 2943 455 3011 enim,
470 2943 512 3002 ita
525 2961 572 3002 ms
585 2943 703 3021 Jupiter
721 2955 811 3014 amet,
826 2963 885 3021 que
899 2944 957 3004 slis
977 2945 1089 3004 ratione
1102 2942 1264 3004 modestius
1279 2955 1343 3004 tnr-

241 3033 321 3114 pium
332 3034 492 3094 sucinorum
503 3045 621 3093 tuorum
636 3035 812 3093 mentionem
824 3035 941 3107 faciem,
954 3037 1081 3095 invenio.
1282 3027 1287 3036 ’

285 3127 332 3185 16.
355 3126 509 3185 Ειιίωαῑε
522 3134 621 3184 sutem
642 3143 714 3194 rem,
729 3124 754 3184 si
774 3123 874 3196 sullis,
889 3145 906 3183 e
923 3125 1056 3190 civilibus
1070 3127 1225 3204 exemplis:
1246 3128 1341 3206 iisque

206 3243 210 3250 ·
240 3218 424 3297 potissimum
441 3234 508 3292 quse
522 3215 646 3274 nuncin
667 3215 802 3274 manibus
818 3214 942 3274 habetis.
985 3214 1131 3294 Suffragia
1143 3217 1204 3278 lats
1219 3229 1289 3278 sunt
1310 3222 1339 3280 in

240 3307 419 3385 municipiis:
439 3308 610 3387 utquisque
628 3320 762 3368 nostrum
786 3307 957 3388 suffragium
978 3309 1046 3368 tulit
1066 3309 1104 3369 de
1121 3309 1249 3384 homine,
1270 3313 1338 3391 quis

238 3419 308 3462 uere
320 3399 359 3458 sit
376 3397 574 3472 Atheniensis,
587 3401 654 3478 quis
667 3421 727 3461 non
742 3402 789 3462 sit.
810 3402 909 3479 Atque
926 3421 983 3480 ego
997 3419 1063 3461 cum
1079 3402 1191 3462 accedo
1208 3403 1247 3462 nd
1257 3404 1337 3481 judis

235 3494 327 3562 cium,
341 3503 373 3552 et
383 3511 448 3551 reos
461 3492 561 3564 sudio,
570 3489 646 3552 idem
660 3494 740 3571 apud
751 3511 805 3555 ros
820 3513 935 3574 semper
947 3493 1045 3554 uslere
1057 3493 1151 3553 rideo.
1172 3491 1250 3554 Nam
1261 3511 1337 3556 'eum

236 3585 311 3644 dicit
323 3593 495 3644 aecusator:
516 3584 649 3657 Jndioes,
665 3585 744 3645 hunc
762 3586 921 3667 populures
932 3585 1174 3658 condemnamnt,
1189 3587 1246 3646 etsi
1257 3605 1338 3647 mor.

234 3679 339 3743 talium
348 3697 436 3738 nemo
444 3677 560 3758 jurarit,
574 3691 625 3740 aut
634 3681 791 3754 soenssrit,
804 3693 855 3742 sut
864 3681 1062 3741 testimonium
1076 3682 1181 3740 in‘eum
1191 3681 1336 3742 dixerit—

210 3775 288 3833 'vos
312 3782 421 3842 temen,
443 3771 551 3850 quippe
571 3774 690 3844 musci,
718 3775 936 3834 tumultuamini
955 3773 1062 3846 statim,
1082 3773 1166 3851 qussi
1185 3793 1254 3834 reus
1272 3795 1333 3836 nnn

232 3865 342 3925 hebeat
350 3864 400 3943 jus
413 3865 547 3924 civitatis.
569 3864 675 3942 Neque
688 3866 766 3926 enim
781 3868 863 3926 vohis
878 3885 952 3946 opus
966 3885 1031 3926 esse
1043 3865 1161 3926 videusr
1175 3867 1269 3926 serbis
1276 3877 1333 3928 'aut

232 3957 417 4026 testimoniis,
429 3957 464 4014 iis
479 3943 510 4015 in
522 3957 622 4026 rebus,
635 3975 710 4036 quas
722 3959 788 4037 quis
803 3959 866 4037 ipss
883 3957 1033 4018 evidenter
1051 3957 1143 4016 norit
1173 3959 1238 4036 Age
1253 3977 1332 4032 sero,

232 4053 258 4108 si
277 4046 524 4128 quemadmodum
540 4047 579 4106 de
598 4067 715 4126 genere,
729 4050 823 4109 slede
837 4061 904 4109 scta
921 4047 980 4109 rita
998 4047 1144 4108 'limemhi
1158 4047 1331 4128 suffragium

231 4139 382 4200 ferendum
395 4141 509 4210 ruisset,
524 4150 620 4199 utrum
628 4151 785 4215 teneretur,
799 4162 836 4202 an
851 4163 921 4202 vero
935 4161 1002 4202 non·
1009 4151 1176 4226 teneretur:
1197 4153 1228 4202 et
1241 4161 1287 4204 res
1300 4145 1330 4204 in

224 4230 338 4312 judicio
350 4231 521 4311 disceptata,
530 4233 670 4311 vobisque
679 4234 829 4314 proposita
838 4235 953 4308 suisset,
964 4245 997 4294 ut
1011 4255 1107 4295 nunc:
1123 4255 1182 4296 non
1193 4235 1330 4298 licuisset

228 4331 326 4384 autem
339 4341 390 4401 per
401 4323 497 4402 legem
520 4334 573 4383 aut
591 4325 742 4385 decretum
757 4325 803 4384 vsl
819 4326 888 4384 mihi
901 4345 1052 4400 accusare,
1068 4327 1116 4386 rel
1139 4327 1185 4390 isti
1205 4345 1329 4388 eausam

225 4414 340 4474 dicere:
362 4415 414 4475 sed
424 4435 532 4495 proeco,
544 4419 594 4494 qui
607 4437 690 4479 nuno
699 4418 770 4478 mihi
783 4418 893 4494 adstat,
901 4438 955 4481 ros
965 4417 1096 4500 legitimo
1106 4419 1159 4482 illo
1172 4421 1323 4501 preconio
