2967 5017
190 401 202 409 .
279 345 335 404 rsa
419 387 425 406 .
586 303 591 312 ⁴
719 341 928 404 accursus

273 496 435 576 aqu-vis
455 495 706 576 pnmrsmnu,
718 517 807 577 qaam
822 517 885 562 ss·
897 499 1034 561 assuat
1047 499 1158 563 dnos
1172 503 1380 567 ndum:

273 588 583 668 lliciasvasopridsss
593 589 941 662 muitethdrorddesa
957 591 1047 660 Quod
1058 594 1176 656 siauue
1187 593 1379 656 κὶα-’σιω

272 681 391 742 Plrilirss
403 681 504 758 (audio
516 682 672 742 ammaum
683 675 828 743 &madar
839 684 1377 766 maiadnoepscdo'nm'chmeaesis,

270 774 406 836 iostn's
425 773 526 836 sassa
542 773 651 854 ¹aliqua
670 774 726 836 sisi
746 775 881 838 dala-io
906 777 1099 858 setim,
1120 779 1293 860 cedamque
1314 781 1376 840 hnc

270 877 472 946 componetur.
487 866 541 928 Sin
553 887 590 929 ne
600 887 669 927 cum
678 868 854 948 illoquidem
863 870 1162 945 mithensem·
1172 871 1375 952 videm&

269 959 340 1019 inde
349 959 498 1020 scribeste
509 970 673 1032 venturum,
690 979 747 1036 ego
755 981 823 1020 vero
836 961 927 1024 semel
938 963 1082 1031 duntaxat
1095 965 1218 1024 moleste
1227 964 1334 1024 ieram.

791 1105 847 1172 1'x.

304 1229 382 1289 Cum
395 1227 437 1288 ad
449 1227 598 1308 Physcurn
610 1229 798 1308 trajecim,
818 1249 854 1290 ac
867 1221 944 1292 diem
959 1231 1042 1294 illum
1055 1233 1242 1312 quievissem,
1257 1251 1322 1292 non
1336 1251 1372 1296 er

268 1321 396 1400 ignaria,
418 1320 475 1380 sed
486 1320 570 1400 qnod
586 1320 717 1400 spirandi
740 1319 899 1382 difficultas
922 1323 1128 1402 ingravescere
1149 1321 1318 1396 ridebatur,
1342 1335 1375 1384 ut

268 1423 358 1473 noctu
369 1413 403 1471 id
412 1413 526 1473 maium
534 1414 655 1486 remisit,
666 1425 754 1494 atque
768 1433 824 1493 ego
838 1413 943 1474 melius
955 1415 1065 1476 habere
1078 1418 1165 1496 coepi,
1180 1417 1219 1477 ad
1228 1417 1373 1478 Ammum

267 1507 428 1586 proiectus,
449 1505 555 1564 fundos
568 1505 691 1584 inspexi.
741 1507 787 1565 Ac
812 1505 853 1564 illi
876 1502 995 1586 quidem
1023 1507 1093 1567 midi
1114 1508 1208 1590 pulcri
1236 1527 1272 1567 ac
1301 1507 1374 1568 rarii

269 1607 338 1663 sunt
351 1597 417 1658 risi.
439 1596 516 1656 liam
535 1608 567 1656 at
579 1597 719 1658 olivetum
733 1608 789 1672 est,
802 1609 833 1659 et
852 1597 952 1660 multae
966 1601 1095 1675 arbores,
1116 1601 1233 1662 atritas
1248 1601 1373 1672 crebrm,

267 1701 298 1752 et
314 1699 379 1750 sata
391 1689 487 1770 plura,
505 1701 536 1750 et
555 1711 664 1771 pascua
683 1693 799 1772 pulcra:
822 1691 1003 1754 domicilium
1025 1713 1095 1754 vcro
1109 1691 1234 1766 nullum,
1247 1693 1298 1754 rel
1309 1713 1373 1756 mc-

266 1783 378 1854 diocre,
387 1782 440 1842 sed
449 1783 672 1844 ruderaomnia.
708 1785 833 1865 Excepit
847 1805 902 1845 nos
915 1785 1077 1846 Mironides
1091 1785 1177 1846 valde
1190 1785 1370 1845 humaniter.

267 1875 388 1936 Fundos
395 1873 485 1953 igitur
497 1875 613 1936 duobus
626 1876 744 1936 talentis
758 1877 935 1956 comparati.
975 1875 1016 1935 Et
1025 1897 1105 1938 nunc
1114 1877 1174 1936 tale
1187 1877 1370 1938 domicilium

264 1968 378 2040 molior,
388 1966 475 2044 quale
485 1985 581 2046 egara
590 1967 671 2030 tenu
680 1967 902 2047 moliriqum
915 1963 1083 2048 quiquohic
1096 1969 1282 2029 habitaturus
1292 1989 1369 2042 sum,

264 2081 336 2133 uon,
350 2061 392 2119 ita
402 2078 450 2118 me
459 2060 501 2120 dii
512 2072 621 2134 ament,
635 2081 723 2141 tequo
732 2061 841 2135 animo,
853 2061 971 2122 civitate
982 2079 1047 2121 men
1055 2061 1197 2141 priuatus,
1205 2063 1369 2139 presertim

264 2153 325 2224 tali,
336 2152 367 2212 in
378 2170 438 2231 qua
452 2151 543 2232 siquis
557 2172 589 2211 se
602 2151 801 2214 habitaturum
815 2153 1006 2226 existimaret,
1017 2151 1114 2212 minus
1129 2151 1228 2214 dolens
1243 2161 1354 2232 posset.

792 2317 827 2374 X.

304 2437 401 2507 Cimo,
414 2447 448 2494 ut
467 2436 498 2492 in
512 2435 643 2512 qualibet
662 2435 734 2492 uibe
753 2394 783 2490 et
795 2430 885 2490 litore
896 2433 1048 2492 nobiscum
1072 2435 1175 2512 egerit,
1190 2434 1302 2520 nullius
1317 2457 1367 2498 me
1458 2407 1459 2465 3

263 2525 463 2594 cessitudinis,
474 2523 583 2584 nullius
597 2524 672 2604 legis
685 2522 786 2583 habita
795 2523 918 2596 ratione,
928 2541 995 2584 oum
1007 2521 1044 2584 ad
1061 2523 1146 2584 llium
1157 2528 1292 2604 perveni,
1300 2549 1366 2608 spe-

262 2617 380 2680 eunde
391 2627 421 2676 et
434 2626 520 2678 terrae
529 2625 561 2676 et
577 2615 666 2676 maris
681 2634 784 2688 causa,
798 2634 923 2696 qumque
944 2615 982 2676 ibi
996 2614 1128 2690 viderim,
1142 2618 1281 2696 quoniam
1293 2619 1366 2680 ube·

262 2732 324 2776 rcm
342 2709 530 2794 suppeditare
553 2710 704 2772 materiam
717 2707 865 2784 ridentur,
878 2707 1004 2794 scribere
1026 2710 1368 2790 supersedebo-vereor

262 2806 387 2867 enimse
395 2803 518 2886 poeticis
531 2801 618 2882 cupa
626 2799 817 2862 instituendis
831 2802 956 2882 ineptire
965 2799 1252 2876 ridear-,Cimonis
1264 2816 1366 2866 autem

261 2897 437 2962 facinoraet
459 2894 683 2969 immodestiam,
704 2914 764 2956 non
778 2893 848 2956 mihi
868 2893 893 2956 si
913 2905 1033 2958 centum
1046 2895 1105 2956 sint
1123 2893 1244 2976 linguas,
1266 2895 1366 2970 dicere

261 2992 382 3071 possim.
404 2989 486 3052 Nam
496 3007 565 3050 cum
579 2987 689 3052 multos
704 2987 750 3049 llii
769 2987 1047 3060 diesnersaremur,
1060 2999 1092 3050 et
1105 2987 1280 3068 spectaculo
1294 2989 1365 3050 Per·
1457 3043 1458 3050 ,

261 3101 414 3164 pinorum
433 3101 494 3142 uon
514 3081 699 3152 satiaremur,
714 3080 844 3160 mihique
864 3079 1011 3144 inanimo
1030 3091 1116 3144 esset
1124 3101 1255 3156 manere,
1270 3083 1364 3148 donec
1457 3121 1458 3134 ι

260 3193 363 3234 omnes
377 3171 479 3234 iliadis
494 3194 596 3234 versus
607 3174 646 3232 ad
660 3170 964 3244 consedissemus
978 3172 1085 3252 quibus
1104 3171 1147 3234 illi
1160 3173 1232 3236 facti
1245 3187 1364 3236 essent:

259 3266 362 3326 incidit
375 3265 450 3338 dies,
464 3284 524 3342 qua
534 3263 875 3352 pleriqpepericlitnutur
885 3262 1024 3340 conjugia
1033 3261 1175 3351 filiarum,
1184 3283 1258 3341 quaa
1272 3266 1320 3326 lex
1332 3280 1364 3328 ct
1457 3293 1458 3298 ¹

170 3351 185 3412 '.
258 3357 449 3416 aetaanubere
462 3355 542 3412 sinit.
569 3353 1142 3434 Fueruntautamcompluresnuptum.
1165 3353 1205 3414 Et
1218 3357 1364 3418 morisest
1457 3341 1458 3374 ¹

257 3448 288 3508 in
300 3447 429 3528 Tsojaua
445 3451 533 3514 terra,
546 3449 691 3520 nupturas
708 3443 834 3521 uirgirms
853 3443 891 3504 ad
907 3443 1122 3506 Scamandrum
1144 3446 1196 3520 ire,
1209 3465 1246 3508 ex
1268 3468 1362 3532 eoqpe

257 3541 349 3612 lotas,
359 3538 450 3600 verba
462 3535 528 3596 hac
539 3544 681 3613 tanquam
694 3552 811 3598 sacnun
833 3533 974 3614 quiddam
986 3536 1109 3600 recitare
1119 3557 1128 3598 ι
1151 3555 1239 3604 cans
1260 3558 1363 3602 uara

259 3633 474 3694 Scauaunsn
496 3645 766 3690 vrucanrrarsnr.
802 3627 883 3692 luter
905 3628 977 3692 alias
1001 3628 1090 3710 igitur
1115 3631 1198 3710 virgo
1225 3633 1363 3712 qprndm

256 3723 376 3788 nomine
397 3719 569 3793 Callirrhoe,
583 3739 716 3802 procera,
728 3731 762 3782 et
771 3721 878 3784 illustri
891 3732 979 3802 patre
988 3731 1076 3792 natac
1090 3722 1131 3788 ad
1140 3723 1262 3786 flnvmm
1283 3727 1362 3788 venit

152 3850 156 3861 =
255 3817 376 3880 lauandi
388 3816 493 3902 patin.
516 3815 581 3876 Nos
594 3835 737 3880 unacum
749 3817 883 3900 cepada
906 3827 1159 3897 nupturamrmet
1176 3820 1281 3882 ceteris
1301 3829 1360 3882 tur·

255 3911 320 3986 nis,
329 3910 580 3998 cmipuasswtum,
592 3919 630 3972 et
641 3910 762 3974 lavacra
777 3911 935 3988 virginum,
948 3920 1094 3990 turstenus
1107 3911 1154 3972 sta
1165 3910 1251 3972 nohis
1264 3922 1360 3974 exter·

173 4071 177 4090 ¹
256 4005 310 4068 nis
327 4013 401 4076 etat,
426 4004 644 4089 spectabamus.
679 4003 829 4064 Athonm
850 4002 1006 4066 isteCimo
1024 4023 1056 4064 se
1077 4003 1191 4066 occidit
1205 4004 1358 4066 inlmrtice

258 4095 443 4170 &amandri
453 4094 745 4176 atquearuudicibus
755 4105 892 4159 coronat:
914 4096 1093 4159 msrmrerst
1106 4106 1209 4160 sutem
1224 4097 1360 4180 nimimm

256 4181 295 4241 de
319 4182 368 4244 die
386 4195 566 4268 stratagema
594 4186 677 4258 illud,
690 4197 781 4267 atque
803 4188 924 4249 insidias
944 4197 1050 4248 contra
1064 4186 1244 4249 Callirhoen.
1281 4190 1358 4249 Cum

257 4281 355 4332 autem
377 4276 534 4350 lavaretur,
547 4288 577 4338 et
595 4278 634 4338 de
655 4297 737 4339 mose
751 4280 909 4344 sabailla
920 4279 1137 4359 pronunciaret,
1158 4291 1193 4340 nt
1209 4281 1357 4360 posterius

225 4409 233 4418 .
256 4366 395 4444 cognovi,
418 4387 502 4430 cass
524 4389 624 4431 essars
646 4370 861 4433 &susanna
883 4389 1151 4444 assuritanum,
1165 4374 1322 4452 prosiliens
1341 4393 1358 4433 e

254 4456 413 4520 faenus
422 4459 605 4537 mmmm
619 4463 716 4538 man
733 4462 868 4534 lumen
888 4463 992 4542 inquit,
1006 4463 1128 4543 aeside
1139 4471 1174 4525 ιι
1186 4481 1272 4525 '⁶⁸¹⁰
1286 4455 1368 4558 ⁰⁸¹³.
