2967 5017
465 287 634 352 nonnas
653 289 922 354 arrianorum.
1037 277 1041 284 '
1205 292 1246 350 aa

149 439 300 509 immutes
310 446 484 510 educturum
497 449 663 529 pollicetur,
676 449 781 512 frende
794 450 892 530 aliqua
911 449 1076 530 injecta,3id
1094 447 1177 509 vobis
1189 451 1245 510 eri·
1277 475 1279 481 ’

150 533 299 615 piatquod
308 550 383 600 este
393 540 552 618 republica.
574 541 685 616 Altera,
696 543 926 624 cohortationem
935 540 1039 600 civium
1050 541 1087 600 ad
1100 539 1246 600 virtutem.

121 698 125 706 ⁴
152 626 266 688 Multos
276 631 355 690 euim
367 641 398 692 st
410 631 615 692 adolescentes
628 642 660 692 et
674 652 761 693 senes
773 631 892 694 adstare
902 631 1015 711 judicio
1029 633 1129 692 video:
1150 651 1246 710 neque

151 737 263 798 paucos
287 723 375 783 etiam
395 743 413 784 e
435 725 548 804 reliqua
569 725 687 784 Graecia
703 726 741 784 ad
762 725 937 786 audiendum
960 725 1150 786 convenisse:
1171 744 1246 802 quos

151 809 257 873 adesse
265 831 331 874 'nou
344 801 410 887 mei,
430 816 484 878 sed
498 817 586 876 vestri
597 817 694 895 potins
713 817 868 896 spectandi
884 835 983 886 causa,
997 826 1100 896 putare
1114 813 1224 875 debetis
1238 835 1246 874 :

151 913 185 962 ut
198 904 374 985 intelligant,
388 927 426 968 au
441 928 500 968 non
512 910 601 968 modo
614 910 708 968 bonas
727 907 808 988 leges
822 909 935 968 sancire
952 909 1061 980 sciatis,
1080 906 1131 966 sed
1148 908 1247 980 etiem,

60 1062 64 1070 ⁸
149 1013 218 1072 quae
231 992 365 1070 honesta,
380 1021 447 1079 quse
457 1001 612 1061 inhonesta
623 1001 692 1073 sint,
702 1001 756 1059 rite
768 1000 929 1078 dijudicare
942 1001 1075 1078 queatis:
1098 1010 1129 1060 et
1142 1019 1180 1058 au
1192 1000 1255 1060 ho·-

150 1106 252 1148 uorem
274 1091 380 1152 habere
393 1093 495 1154 sciatis
508 1093 577 1153 siris
589 1093 696 1152 bonis:
718 1100 750 1152 et
769 1112 807 1152 an
830 1091 922 1152 velitis
936 1112 988 1152 eos
1003 1092 1116 1172 punire,
1135 1092 1185 1169 qui
1204 1093 1246 1151 sic

148 1177 237 1238 sitam
259 1182 457 1254 instituerunt,
483 1193 518 1241 ut
541 1202 577 1243 ea
600 1185 630 1242 iu
654 1183 823 1262 reipublicae
851 1183 1037 1260 ignominiam
1058 1181 1246 1243 redundaret.

148 1269 253 1331 Dicam
267 1285 367 1334 autem
378 1277 502 1352 primunr
523 1274 603 1354 apud
616 1294 671 1334 ros
693 1275 730 1334 de
752 1273 933 1334 defensione.
976 1274 1054 1332 Nam
1070 1275 1245 1353 eloquentia:

147 1363 240 1442 copiis
253 1365 377 1424 affluens
391 1367 607 1426 Demosthenes
621 1367 673 1437 ait,
688 1367 772 1426 robis
788 1377 839 1426 aut
854 1365 993 1426 delendas
1008 1383 1073 1423 esse
1088 1365 1180 1442 leges,
1194 1377 1246 1428 aut

145 1455 354 1514 uon‘dandunr
373 1477 441 1516 esse
462 1456 561 1515 locum
580 1458 705 1516 orationi
727 1477 812 1515 mea.
849 1457 1018 1516 Admiratur
1038 1456 1173 1526 enimsi
1192 1477 1244 1518 vos

145 1563 248 1605 omnes
261 1566 320 1606 non
334 1537 680 1619 memineritis,'senetum
700 1548 858 1625 quotannis
873 1547 1000 1608 vendere
1013 1547 1138 1625 vectigal
1151 1535 1245 1608 mere-

144 1636 279 1695 tricium:
302 1639 425 1717 ejusque
445 1638 597 1716 vectigalis
609 1638 810 1717 redemptores
823 1658 883 1698 non
897 1640 1072 1718 conjectare,
1093 1639 1145 1698 aad
1162 1658 1243 1700 coru-

144 1729 385 1804 pertumlrabere‚
394 1730 638 1808 quilaciauteum
648 1740 806 1808 quaestum.
821 1717 981 1810 Postquam
992 1732 1080 1810 igitur
1089 1752 1244 1810 ego-ausus

115 1868 133 1897 ,¹
144 1817 201 1879 sim
214 1819 253 1880 ad
266 1831 421 1898 pretorem
434 1822 552 1894 ret‘erre,
567 1821 724 1882 Timarcho
734 1842 795 1882 uon
810 1822 901 1882 licere
914 1823 1071 1884 conciones
1081 1825 1199 1897 hahere,
1210 1834 1244 1886 ut

142 1910 195 1988 qui
218 1912 389 1989 pudicitiam
411 1913 608 1993 prostituerit:
629 1914 778 1994 postulare
799 1914 857 1975 hoc
880 1915 1030 1994 negotium
1052 1935 1112 1974 nou
1134 1918 1255 1986 crimen·

142 2005 332 2077 accusatoris,
347 1992 401 2066 sed
413 2007 610 2067 testimonium
624 2006 829 2087 redemptoris,
846 2006 898 2084 qui
918 2006 1046 2086 vectigal
1064 2008 1144 2067 istud
1158 2028 1177 2068 a
1191 2009 1243 2068 Ti-

142 2095 263 2155 marcho
277 2097 437 2175 collegerit.
470 2098 537 2175 Ego
550 2118 630 2168 vero,
643 2099 851 2170 Athenienses,
865 2098 1060 2172 considerate,
1074 2119 1113 2159 an
1126 2100 1164 2160 ad
1177 2100 1243 2162 haec

142 2185 312 2265 simpliciter
322 2188 535 2269 liberaliterque
544 2192 601 2250 sim
611 2210 816 2270 responsurus.
838 2190 915 2248 Nam
923 2209 970 2250 rne
978 2189 1102 2250 civitatis
1109 2191 1242 2271 pudebit,

142 2277 361 2352 si'l'imarchus,
380 2282 430 2359 qui
443 2281 553 2360 populo
575 2282 614 2341 sit
627 2300 646 2340 a
658 2282 799 2350 consiliis,
820 2283 871 2360 qui
886 2279 1051 2358 legationes
1072 2281 1103 2339 iu
1125 2275 1253 2355 Graecia,

141 2368 222 2428 obire
234 2363 353 2442 audeat,
367 2391 426 2431 non
441 2381 534 2431 totam
553 2390 614 2432 rem
635 2390 654 2430 a
672 2391 704 2431 se
722 2389 859 2431 amovere
873 2371 1029 2444 studuerit,
1043 2371 1097 2431 sed
1114 2373 1152 2433 de
1166 2373 1240 2434 locis
1296 2398 1305 2422 0

139 2460 336 2538 interrogarit,
349 2461 399 2519 ubi
412 2462 530 2533 sederit,
545 2472 576 2520 et
595 2461 777 2539 publicanos,
798 2482 836 2520 an
850 2481 883 2522 se
897 2480 1025 2540 uuquam
1046 2465 1241 2544 meretricium
1261 2535 1264 2546 Ι
1321 2491 1322 2494 ’

137 2552 266 2629 ¹vectigal
278 2551 441 2630 exegerint.
472 2549 541 2610 Hac
553 2551 642 2628 igitur
655 2550 828 2612 defensione
839 2561 938 2612 vestra
948 2572 1041 2611 causa
1053 2555 1150 2614 cedat.
1173 2555 1238 2636 Ego

138 2659 208 2700 sero
229 2641 322 2714 ³sliam
348 2641 491 2701 rationem
518 2640 571 2700 ubi
598 2660 766 2719 suggeram,
788 2641 943 2700 honestem
968 2652 998 2700 et
1024 2663 1156 2720 aequam:
1179 2667 1239 2728 qua

139 2733 242 2806 utaris,
263 2734 288 2793 si
302 2731 411 2792 nullius
423 2727 475 2792 tibi
495 2731 681 2811 turpitudinis
696 2752 728 2792 es
748 2731 897 2791 conscius.
930 2731 1048 2791 Audeto
1056 2733 1172 2811 judices
1191 2738 1236 2796 iu·

124 2835 225 2886 ·tueus
238 2843 275 2886 ea
287 2825 396 2893 dicere,
416 2843 483 2901 quse
496 2823 624 2883 dicenda
637 2821 782 2882 suntviro
799 2821 932 2882 modeste
953 2824 1047 2882 atatis
1068 2825 1142 2886 flore
1162 2827 1237 2889 uso:

137 2918 344 2990 Athenienses,
357 2935 415 2994 ego
428 2937 447 2977 a
459 2917 622 2995 pueritieet
632 2914 833 2976 adolescentia
846 2934 910 2976 sum
920 2916 999 2994 apud
1011 2935 1062 2976 vos
1072 2918 1233 2980 educatus:

137 3029 233 3088 neque
245 3029 315 3070 vero
336 3009 446 3069 studiis
455 3009 587 3069 obscuris
605 3027 745 3086 occupor,
767 3006 822 3067 sed
843 3007 995 3068 vobiscum
1020 3010 1185 3088 conspicior
1204 3013 1235 3072 iu

137 3101 338 3162 concionibus.
359 3101 491 3160 Arbitror
504 3111 614 3177 autem,
627 3100 695 3160 si¹id
708 3092 829 3170 crimen,
841 3098 926 3178 cujus
939 3119 1057 3178 arguor,
1070 3100 1150 3179 apud
1161 3101 1235 3161 alios

136 3193 207 3252 mihi
230 3191 449 3266 defendendum
471 3200 569 3252 esset:
590 3191 694 3252 restris
707 3191 881 3250 testimoniis
899 3211 946 3250 me
968 3193 1147 3252 accusatoris
1168 3213 1233 3254 ora-

133 3284 244 3344 u'onem
261 3284 347 3344 facila
365 3283 459 3344 tuisse
478 3283 682 3342 refutaturum.
716 3282 828 3362 Neque
843 3281 921 3342 enim
944 3289 1008 3342 tum
1029 3283 1190 3355 duntaxat,
1209 3287 1234 3347 si

135 3374 206 3453 quid
221 3372 340 3435 istorum
354 3372 479 3453 egi,'sed
490 3376 515 3433 si
528 3374 611 3433 robis
622 3372 719 3452 egisse
728 3372 829 3432 videor
840 3373 928 3434 sitam
942 3375 980 3435 ab
991 3375 1053 3434 istis
1063 3375 1233 3440 criminibus

134 3487 196 3527 uon
208 3468 433 3527 abhorrentem:
454 3465 543 3525 sitam
555 3466 678 3545 posthac
693 3466 828 3524 acerbam
838 3464 908 3524 milri
919 3465 1101 3538 existimans,
1115 3487 1174 3527 nou
1187 3489 1233 3528 re·

134 3577 208 3620 cuso
217 3578 277 3637 quo
290 3559 388 3618 miuus
399 3557 500 3617 civitas
515 3557 552 3615 de
566 3576 614 3616 me
626 3556 801 3635 suppliciunt
812 3567 919 3638 sumat,
929 3565 963 3615 ut
973 3576 1005 3614 se
1016 3557 1095 3635 apud
1106 3557 1230 3618 Graecos

133 3671 273 3713 excusare
285 3661 391 3730 quest:
412 3667 509 3729 neque
520 3648 561 3707 ad
579 3667 633 3708 ros
647 3648 824 3727 deprecandi
837 3665 928 3707 causa
939 3647 1036 3719 venio,
1050 3648 1109 3708 iuro
1122 3647 1231 3709 interli-

132 3743 223 3804 citote
236 3762 294 3814 me,
303 3741 328 3800 si
341 3741 430 3800 talem
444 3739 669 3799 existimatis.-

173 3833 224 3892 26.
235 3835 332 3905 -Hoec,
344 3831 508 3904 Timarche,
522 3830 656 3890 defensio
668 3829 757 3890 luerit
774 3829 828 3890 riri
840 3830 910 3889 boni
929 3838 962 3889 et
973 3829 1110 3902 modesti,
1125 3832 1230 3892 etrite

129 3923 358 3995 anteactalreti,
370 3932 402 3984 et
420 3923 520 3982 omnia
532 3921 690 3982 maledicta
710 3942 769 3982 nou
785 3923 848 3982 sine
865 3921 976 3981 ratione
996 3925 1228 3984 contemnentis:

130 4037 199 4098 quse
212 4035 283 4077 rere
297 4016 415 4084 dicendi
429 4015 647 4075 Demosthenes
661 4015 713 4075 tibi
723 4022 827 4074 auctor
837 4021 892 4086 est,
905 4033 942 4073 ea
954 4033 1015 4073 non
1025 4024 1095 4074 suut
1103 4013 1231 4078 hominis

130 4109 260 4189 ingenui,
274 4108 328 4167 sed
341 4107 441 4185 scorti,
455 4106 580 4172 dalocis
591 4106 806 4167 contendentis.
826 4104 973 4173 Quoniam
983 4111 1085 4182 ¹ar'rteru
1103 4107 1142 4166 ad
1155 4125 1227 4189 cog·

128 4213 271 4262 nements
283 4198 494 4260 domiciliorum
514 4197 661 4278 confugis,
675 4208 706 4257 et
720 4217 782 4257 rem
803 4197 931 4257 ostiatim
945 4199 1066 4278 coargui
1083 4199 1226 4277 postules,

128 4294 179 4352 ubi
203 4291 332 4353 sederis:
355 4290 463 4351 auditis
485 4291 521 4351 iis
540 4309 608 4368 quse
631 4289 858 4362 dicturussum,
874 4287 999 4348 eandem
1019 4289 1180 4352 umbonem
1201 4294 1226 4352 si

126 4385 208 4465 sepis
222 4405 282 4447 uon
294 4394 420 4464 repetas.
452 4381 558 4460 Neque
570 4380 649 4443 euim
662 4380 811 4468 domicilia
831 4389 884 4442 aut
900 4380 1095 4444 habitationes
1114 4401 1225 4463 cogno·
