2967 5017
447 364 608 433 ORATIO
629 366 858 430 AMATORIA„
1138 366 1195 427 801

22 532 23 561 l
109 522 215 585 leuium
227 519 395 598 formosam,
407 544 467 586 non
480 543 538 605 quo
550 524 638 586 tuelle
650 526 688 585 ad
701 522 879 606 uoluptatem
891 523 1017 604 decepta
1033 521 1197 604 proteum·

107 622 167 687 tur,
181 616 234 677 aed
249 626 284 676 ut
297 617 574 698 emplsxevirtutem
587 617 705 697 glorium
720 626 959 698 consequeretur.

147 710 178 769 9.
198 710 374 788 Quanquam
396 718 494 770 eutem
515 708 609 771 multo
629 708 714 789 plura
727 709 766 770 de
784 719 1054 770 recommemorata
1066 726 1195 787 possem

106 797 154 860 lric
165 798 235 860 mild
248 800 406 863 uniendum
419 817 485 862 erse
498 810 570 881 puto
580 799 790 875 irritationem,
802 802 904 873 terito,
916 819 955 862 ns
976 818 1043 861 mee
1059 799 1105 863 tri
1120 818 1196 878 prra-

106 888 218 953 dioutio
238 901 352 954 nutura
372 894 508 953 lrumunoe
529 890 637 953 limites
656 894 798 954 excedere
820 891 961 953 rideatur.
1001 892 1080 952 Nam
1102 908 1196 969 nuque

105 983 184 1044 adeo
196 984 313 1045 dicendi
324 986 368 1047 uis
380 988 419 1047 ab
431 986 573 1067 &spectu
585 984 719 1060 obicitur,
731 984 827 1047 uthis
845 1002 912 1067 qu·
925 986 980 1045 sub
993 1000 1111 1045 nusum
1123 1001 1195 1042 ocu·

103 1076 201 1137 lorum
214 1079 325 1140 cadant
338 1080 428 1141 fidem
445 1098 510 1141 essa
524 1075 722 1159 abrogandum
734 1094 822 1140 nemo
833 1088 936 1159 putet:
954 1076 1115 1138 eorundem
1125 1094 1196 1137 vero

103 1168 219 1243 hedes,
232 1172 320 1233 etiam
335 1173 418 1252 justo
431 1172 568 1243 minores,
579 1188 640 1232 non
651 1184 719 1233 esse
732 1189 816 1232 veras
833 1171 999 1251 opinentur.
1039 1168 1095 1229 llis
1107 1168 1196 1249 igitm

104 1278 187 1323 nnnc
210 1264 335 1338 omissis,
357 1284 394 1325 cu
417 1264 470 1326 tibi
490 1264 649 1345 precipere
672 1265 812 1337 uerebor,
833 1282 886 1344 per·
908 1282 977 1343 quie
997 1260 1088 1323 vitam
1114 1272 1194 1322 uram

104 1352 318 1418 honoratiorem
338 1358 458 1419 efficias.
499 1356 541 1417 'l'e
553 1372 622 1418 uero
634 1356 721 1419 velim
735 1374 772 1418 au
789 1374 858 1437 quer
875 1353 1013 1418 dicentur
1028 1373 1090 1415 uon
1102 1354 1196 1415 obiter

105 1448 345 1523 animadvertere,
374 1466 471 1531 neque
497 1448 671 1525 existimare,
695 1466 742 1511 me
764 1448 929 1511 ostmtundi
952 1447 1050 1529 potine
1074 1446 1193 1525 ingrtiis

103 1556 194 1618 quem
216 1536 261 1602 tui
276 1542 398 1622 juvandi
417 1542 524 1617 studio,
538 1542 583 1603 iris
595 1544 690 1603 verbis
709 1558 774 1604 esee
793 1560 890 1615 usum,
909 1551 946 1600 ut
962 1558 1017 1599 nec
1034 1558 1054 1598 e
1073 1537 1194 1598 perime

103 1633 232 1706 aberres,
245 1652 301 1693 nec
322 1652 376 1714 pro
398 1633 515 1713 optimis
532 1635 618 1694 obvie
637 1650 763 1713 qumque
785 1633 947 1714 amplexor,
959 1631 1042 1711 pejor
1055 1630 1109 1689 tibi
1122 1646 1194 1689 con·

102 1722 196 1783 sulus.
237 1724 351 1783 Etenim
374 1741 494 1805 quorum
521 1726 646 1785 obscura
668 1734 701 1784 et
719 1724 837 1785 homilis
858 1733 964 1783 netum
985 1730 1041 1791 eut,
1062 1720 1194 1781 bosnec

102 1813 203 1893 siquid
216 1832 275 1875 non
288 1823 367 1875 recte
379 1816 502 1876 facerint
518 1816 725 1895 objurgemusz
746 1825 778 1875 at
789 1832 913 1895 qnorum
930 1814 1005 1887 laus,
1018 1814 1061 1873 itu
1071 1811 1115 1872 uti
1127 1822 1191 1884 tua,

101 1904 134 1964 in
151 1905 258 1967 illustri
271 1906 337 1967 loco
358 1907 414 1968 sits
432 1916 487 1979 est,
507 1908 552 1967 his
568 1907 836 1969 bonertissimarum
855 1924 951 1967 rernm
970 1904 1018 1965 vel
1030 1904 1194 1984 mglexisss

102 1997 212 2077 aliquid
226 2000 332 2079 probro
346 1999 442 2060 detur.
483 1998 627 2060 Praetcrea
646 2000 696 2079 qui
716 2000 746 2060 in
760 1999 824 2062 aliia
838 1998 1017 2060 orationibus
1024 1997 1193 2089 judicepdis

101 2088 328 2164 hallucinantur,
341 2110 400 2151 una
421 2100 535 2152 tentum
556 2093 594 2152 de
612 2106 644 2153 re
666 2110 726 2153 nun
744 2094 855 2173 optime
878 2101 1028 2152 statuunt:
1048 2092 1098 2169 qui
1123 2105 1193 2150 sero

103 2182 225 2243 consilia
237 2181 273 2242 de
285 2182 353 2243 vitae
366 2182 469 2244 officiis
488 2202 548 2244 non
561 2194 640 2245 recte
653 2184 802 2263 accipiunt
813 2195 866 2244 eut
878 2192 1075 2255 contemnunt,
1088 2182 1192 2243 erroris

104 2274 149 2333 sui
162 2292 343 2355 peromnem
358 2292 457 2337 seeum
470 2286 587 2338 etatem
599 2276 1005 2338 monimentecircumlernnt.
1045 2276 1192 2354 liquibus
1321 2266 1325 2273 ’

104 2368 239 2428 omnibus
261 2376 292 2428 te
308 2368 435 2429 ebenum
457 2378 545 2449 utque
565 2370 722 2430 immunem
742 2388 805 2429 esse
826 2370 971 2441 decetne
993 2368 1143 2450 providere
1162 2376 1193 2428 et

102 2461 276 2539 perspicere,
289 2460 360 2539 quid
379 2460 534 2520 munimem
546 2461 577 2521 in
596 2464 683 2521 rebus
700 2460 833 2521 humanis
844 2461 903 2521 rim
920 2462 1068 2523 obtineat:
1089 2471 1121 2521 et
1131 2478 1191 2541 qna

102 2558 181 2611 recte
204 2549 383 2628 feliciterque
401 2552 562 2613 constituto
580 2552 721 2613 maximus
741 2553 772 2612 in
785 2554 845 2613 vita
856 2554 970 2615 fruetus
988 2554 1190 2635 percipiamus,

102 2656 161 2720 quo
181 2643 253 2701 item
273 2641 408 2721 neglecto
429 2650 481 2702 aut
505 2630 662 2723 depr'arato
680 2644 710 2703 in
730 2645 930 2706 acerbissimas
944 2647 1124 2711 calamitates
1146 2647 1191 2705 in·

101 2733 243 2793 uidemus.
274 2732 380 2812 Neque
393 2733 470 2793 enim
484 2734 641 2796 obscurum
654 2746 709 2810 est,
719 2737 783 2817 ejus
797 2737 837 2798 rei
849 2755 949 2797 curam
962 2739 992 2797 in
1005 2740 1104 2817 primia
1125 2761 1190 2804 esee

103 2826 399 2979 ffiplffldm’quae
407 2826 561 2908 plurimum
572 2830 602 2890 in
611 2838 764 2910 utramque
776 2842 890 2913 purtem
903 2833 1041 2892 momenti
1053 2844 1081 2893 et
1088 2835 1189 2897 virium

175 2928 197 2979 t.

142 3011 188 3069 10.
213 3010 344 3071 Mentem
366 3020 464 3071 nutem
487 3011 679 3073 humanarum
702 3029 799 3073 rerum
819 3014 946 3074 omniurn
967 3032 1033 3076 esec
1048 3017 1190 3079 'modere-

102 3099 198 3162 tricem
218 3104 411 3183 reperiernuar
433 3122 521 3183 quern
542 3104 607 3166 sola
628 3105 812 3185 philosophie
829 3115 958 3167 correcte
970 3106 1082 3168 erudire
1095 3118 1126 3169 et
1138 3130 1191 3169 ex·

103 3208 197 3256 arcere
223 3206 322 3275 quaet.
364 3198 438 3279 Ejus
460 3216 531 3276 ergo
550 3208 582 3259 te
600 3218 659 3259 non
679 3210 826 3279 expertem
846 3218 911 3260 esse
925 3210 1058 3281 oportere
1073 3220 1191 3277 censeo,

104 3296 151 3346 aut
163 3290 200 3349 ab
216 3306 252 3349 ee
266 3292 409 3351 sectende
420 3291 567 3352 laboribus
583 3291 689 3371 quibus
702 3308 738 3351 ea
754 3291 887 3371 paranda
898 3303 944 3352 est
957 3294 1113 3355 deterreris
1140 3314 1191 3357 co·

105 3377 251 3455 gitandnm
265 3382 371 3462 potius,
390 3403 443 3463 per
463 3383 609 3462 ignavium
629 3394 659 3445 et
672 3383 832 3443 socordiam
847 3403 904 3443 nec
918 3384 1056 3445 facillima
1065 3404 1190 3467 queque

105 3488 186 3549 posse
209 3476 428 3555 comprehendi,
442 3476 594 3536 tolerantia
617 3486 714 3536 eutem
733 3485 764 3536 et
785 3476 928 3536 industria
950 3478 1022 3536 nibil
1043 3478 1074 3537 in
1094 3498 1190 3539 rernm

106 3572 204 3625 natura
216 3584 284 3627 esse
295 3568 439 3627 bonorum
448 3567 518 3646 quin
531 3576 722 3647 comparetur.
763 3568 861 3646 Atque
871 3568 998 3628 omnium
1011 3586 1076 3629 ease
1089 3572 1191 3630 absur-

107 3652 262 3737 dissimum,
275 3660 470 3739 petendarum
484 3678 574 3741 opum
587 3659 771 3740 augendique
784 3661 895 3721 roboris
908 3668 1042 3721 etrerurn
1055 3662 1189 3723 similium

107 3746 202 3811 ardere
211 3752 372 3832 cupiditute
385 3762 593 3833 proptereaque
605 3754 711 3813 multus
725 3764 870 3812 erumnas
880 3752 1000 3832 perpeti,
1011 3772 1078 3831 quaa
1091 3754 1191 3816 omniu

108 3844 232 3906 mortalia
255 3856 325 3906 sunt
348 3846 496 3926 ruentique
523 3846 628 3905 servire
648 3856 845 3906 consuerunt:
866 3854 900 3904 ut
922 3864 989 3904 vero
1012 3845 1075 3924 ipsa
1097 3865 1190 3920 niens,

108 3948 167 4009 que
179 3948 284 3998 reuera
298 3938 450 4017 gubernat,
460 3956 526 4018 qum
537 3954 685 4017 nunquurn
699 3938 816 4011 deserit,
830 3956 896 4015 quae
909 3937 996 3997 totius
1011 3938 1077 3996 vitre
1090 3938 1190 3999 duret

108 4028 238 4107 meginra
250 4042 305 4104 cst,
319 4030 478 4104 excolatur,
493 4040 552 4092 no'rr
565 4030 722 4092 elaborare.
746 4030 925 4090 Praeclururn
939 4048 1010 4089 aune
1021 4039 1051 4089 et
1063 4029 1189 4089 fortunee
1298 4090 1302 4097 ,

107 4114 238 4185 beneflcio
255 4126 332 4184 inter
349 4122 527 4185 excellentes
545 4142 610 4184 esse
624 4122 821 4183 admirationi:
844 4122 897 4181 sed
915 4121 1008 4181 multo
1020 4120 1189 4200 murrina

111 4220 159 4283 est,
170 4226 270 4297 suapte
284 4214 437 4289 industrie,
452 4216 591 4297 quicquid
606 4214 740 4275 eximium
762 4214 800 4273 rit
812 4229 877 4272 esse
890 4224 1068 4272 assecutum.
1111 4212 1187 4273 Nem

22 4302 23 4311 ³
109 4297 154 4362 illu
167 4308 251 4369 eurm
272 4309 408 4389 improbis
432 4328 491 4369 non
513 4328 579 4369 rero
600 4326 665 4368 sese
683 4306 785 4367 offert:
817 4303 883 4365 lraec
896 4324 965 4365 vero
986 4305 1092 4366 nemini
1106 4307 1190 4367 adast

22 4472 24 4479 Ι
111 4392 532 4483 niriuirtutepraestuntisaimb.
576 4402 674 4461 Aede
694 4398 1007 4480 philosophiaquidem
1027 4398 1189 4462 disserendi

617 4496 673 4551 ur
