2967 5017
354 348 410 412 ns
432 351 550 417 usta
572 347 712 412 unsre
737 347 988 412 suessiona.
1117 331 1118 336 '
1177 351 1218 409 se

121 503 177 566 ssd
190 503 306 565 ludant
325 499 544 586 anpsnmsn,
563 507 646 587 pacis
660 505 847 585 interpretem
865 503 1059 577 maletabmt,
1078 521 1131 565 ros
1150 519 1221 566 vero

119 596 173 674 qai
186 596 313 658 huomru
327 596 487 678 percipitis,-
498 616 551 658 ess
568 599 618 678 qni
630 598 731 659 utilem
753 595 921 678 reipublicae
934 613 1052 676 operam
1066 608 1221 672 navarent,

56 721 63 736 ·
121 687 289 753 duonum
927 743 933 748 .

163 781 214 838 ot.
235 780 305 840 Una
322 799 390 841 curs
404 779 541 862 Philipps
551 782 668 848 mutim
677 781 866 862 triumphalia
885 781 990 854 cecini,
1013 782 1122 841 eversis
1143 781 1222 842 Plio-
1289 815 1292 823 Α

120 871 255 932 censium
267 875 401 944 urbibus,
415 885 451 934 ut
467 876 510 934 sit
521 886 686 940 mensator.
721 875 790 942 Quo
805 884 903 934 autem
922 873 952 934 id
966 885 1139 953 argumento
1157 895 1223 954 per·

122 962 226 1042 spicue
246 967 354 1043 poterit
370 965 592 1029 demonstrarei
612 969 685 1026 Sum
704 967 863 1026 enimcum
878 966 984 1026 ceteris
997 967 1104 1026 noenia
1117 967 1223 1046 legatis

122 1053 164 1114 ad
180 1054 338 1134 hospitium
360 1057 520 1128 inmlatnst
541 1059 662 1118 inerunt
682 1068 780 1117 autem
799 1058 905 1130 amati,
919 1067 951 1117 et
970 1059 1135 1118 coucoenati
1156 1067 1226 1121 sunt

122 1165 191 1206 cnm
205 1147 401 1227 legationibus
415 1149 599 1221 Grmcorum,
619 1169 681 1209 non
701 1149 854 1229 pauciores
873 1149 1020 1210 ducentis.
1051 1151 1131 1210 luter
1149 1137 1224 1230 quos

121 1255 180 1316 ego
198 1239 500 1320 scilicstcsnspicuns
518 1241 573 1312 tui,
594 1261 655 1300 non
675 1242 838 1312 subticens,
860 1241 913 1300 sed
937 1243 1108 1316 concinens,
1129 1251 1162 1301 ut
1185 1245 1227 1303 alt

125 1329 361 1396 Demosthenen
381 1333 432 1411 qui
444 1351 501 1392 nee
514 1333 578 1412 ipse
598 1333 639 1391 ibi
658 1333 764 1406 adfuit,
777 1351 832 1392 uec
851 1351 950 1392 eorum
964 1334 1013 1410 qui
1032 1333 1227 1395 iuterfuerunt

123 1419 337 1482 ullum.testenr
351 1417 498 1502 produxit.
544 1423 583 1482 Bt
594 1424 660 1503 quis
681 1445 729 1484 me
741 1443 831 1484 nosse
845 1423 952 1504 potuit,
966 1424 1023 1482 nisi
1038 1421 1124 1496 sorte,
1139 1434 1175 1485 ut
1195 1427 1226 1486 in

122 1511 263 1586 cratibus,
281 1515 443 1594 praecinui?
463 1515 566 1595 ltaque
586 1516 612 1575 si
625 1517 715 1590 meni,
733 1515 809 1576 ialso
834 1533 881 1575 me
902 1533 1046 1575 accusast
1069 1515 1115 1574 sin
1133 1516 1228 1594 patria

125 1607 383 1680 ammaiueolumi,
397 1618 430 1667 et
438 1609 551 1668 civibus
565 1609 647 1670 nulla
659 1609 825 1668 calamitate
845 1609 965 1688 publica
978 1607 1226 1681 conflictaatrbus,

126 1697 340 1760 Pannonicum
354 1702 460 1762 ceteris
474 1702 579 1781 legatis
593 1703 740 1775 concinui,
754 1721 822 1761 cum
836 1711 866 1762 et
879 1701 936 1760 deo
947 1701 1042 1761 honos
1061 1701 1228 1777 haberetur,

124 1800 157 1850 et
168 1791 363 1852 Athenienses
377 1792 460 1852 nulla
469 1793 630 1872 ignominia
640 1793 837 1866 afficerentur,
850 1792 898 1872 pie
912 1792 979 1865 ieci,
993 1812 1053 1852 non
1066 1792 1185 1872 injuste,
1199 1803 1230 1855 et

121 1882 189 1961 jure
197 1885 403 1944 conservabas.
429 1884 468 1943 Bt
480 1905 538 1964 ego
554 1894 672 1964 propter
688 1885 756 1945 hoec
768 1884 970 1945 immisericors
986 1883 1075 1944 home
1090 1901 1178 1944 sum:
1196 1893 1230 1946 tn

125 1992 196 2034 reso
209 1975 285 2055 pius,
298 1977 349 2054 qru'
368 1977 409 2037 sis
422 1995 534 2049 sorum
549 1977 598 2054 qui
612 1977 716 2038 iisdem
728 1989 829 2038 tecum
843 1985 875 2037 et
887 1975 1074 2036 libationibus
1088 1985 1119 2036 et
1133 1975 1230 2056 epulis

127 2067 174 2126 asi
188 2078 270 2137 sunt,
285 2081 449 2129 accusator.

167 2160 219 2216 52.
240 2159 338 2238 Atque
350 2161 438 2220 etiam
453 2160 680 2220 inconstantiam
702 2161 734 2219 in
754 2159 885 2239 gerenda
899 2158 1051 2238 republica
1063 2159 1135 2219 mihi
1149 2158 1231 2239 obje-

127 2248 203 2321 cisti,
218 2251 378 2326 quodcum
394 2253 475 2330 prius
497 2250 619 2311 Grecos
641 2261 747 2312 contm
764 2251 933 2330 Philippum
957 2250 1164 2324 concitassent,
1185 2249 1229 2309 le·

127 2351 214 2418 gntus
236 2339 362 2402 adeum
390 2343 502 2407 iverim.
538 2343 694 2403 Enimvero
718 2345 798 2407 idem
818 2344 929 2404 crimea
952 2343 1071 2422 publice
1095 2344 1231 2403 omnibus

130 2431 362 2490 Atheniensibus
376 2433 507 2516 objicies.
532 2434 649 2494 Bellum
663 2433 880 2512 gessistiacum
895 2433 1141 2494 lacedemoniis:
1162 2453 1230 2494 eos·

127 2524 197 2582 dem
209 2532 277 2600 post
287 2522 474 2581 Leuctricam
483 2525 681 2584 calamitatem
691 2526 875 2585 defendistis.
889 2526 1047 2585 Thebanos
1058 2526 1230 2586 exsulantes

128 2616 159 2674 ist
170 2613 292 2692 patriam
302 2613 487 2673 restituistis:
506 2625 538 2672 et
545 2633 645 2673 rursus
656 2614 826 2696 eosdemad
836 2616 1018 2694 Mantineam
1029 2619 1233 2695 oppugnastis.

129 2705 336 2786 oppugnastis
364 2704 544 2764 Eretrienses
562 2715 594 2762 et
614 2703 840 2764 Themisouem:
862 2717 950 2784 atque
968 2706 1087 2765 eosdem
1113 2725 1233 2767 conser-

127 2798 231 2857 vastis.
261 2796 302 2856 Et
322 2795 446 2878 Grecos
465 2795 595 2854 infinitos
608 2793 709 2854 εοᾶθω
724 2797 813 2854 modo
831 2796 988 2856 tractastis.
1019 2797 1096 2856 Nam
1110 2798 1235 2876 tempori

130 2888 249 2960 servire,
262 2897 293 2947 et
312 2886 424 2967 optima
435 2905 560 2966 qumque
573 2887 711 2965 amplecti
726 2886 842 2966 publice
857 2895 887 2945 et
899 2887 1044 2968 privatim,
1065 2907 1167 2950 omnes
1181 2907 1234 2949 ne·

128 3001 216 3042 cesse
226 2982 347 3042 hebent.
368 2979 449 3045 Quid
464 2989 563 3039 autem
573 2980 653 3038 bono
666 2979 794 3039 senatori
807 2987 853 3038 est
866 2979 1037 3058 agendum?
1058 2980 1165 3040 Nonne
1177 2982 1233 3042 rei·

131 3074 261 3153 publice.
279 3092 334 3152 pro
347 3091 379 3132 re
396 3082 477 3143 nata,
495 3091 532 3133 ea
544 3091 611 3151 qum
633 3072 787 3132 utilissima
807 3071 875 3142 aiut,
898 3071 1075 3131 suadenda?
1098 3073 1234 3152 Improba

131 3183 218 3246 porro
230 3165 394 3225 accusatori
416 3164 550 3244 quidest
569 3162 750 3224 dicendnml
772 3163 878 3222 Nonne
893 3163 1071 3243 temporibus
1096 3163 1233 3224 dissimu-

131 3256 199 3317 latis
213 3275 261 3317 res
272 3266 367 3338 gestat
377 3254 575 3316 accusandoei
588 3255 677 3314 Unde
684 3274 772 3335 porro
781 3255 870 3316 homo
881 3254 919 3315 ad
930 3256 1125 3334 proditionem
1135 3264 1233 3331 natus,

130 3359 180 3410 est
189 3347 393 3430 spectandus?
414 3347 484 3407 Non
498 3349 549 3420 ita,
561 3357 637 3408 uttu
651 3347 685 3407 iis
699 3367 769 3406 usus
778 3367 809 3407 es
818 3347 869 3427 qui
879 3347 933 3406 tibi
942 3347 1099 3409 familiares
1108 3348 1237 3421 fuerunt,

133 3454 165 3502 et
177 3443 267 3502 iidem
280 3443 463 3517 habuerunt:
485 3442 536 3521 qui
548 3443 587 3500 ob
601 3441 764 3501 mercedem
779 3441 926 3502 orationes
941 3443 979 3502 ad
989 3440 1102 3520 judicia
1115 3443 1235 3515 scribat,

134 3553 244 3612 easque
259 3535 366 3614 prodat
387 3533 583 3594 adversantes
605 3533 775 3593 Orationem
799 3535 943 3612 scripsisti
967 3533 1134 3594 Phormioni
1155 3553 1238 3593 men-

132 3628 223 3699 sorio,
238 3627 367 3706 pecuma
386 3635 527 3706 accepta:
549 3625 674 3687 eandem
693 3613 875 3706 Apollodoro
897 3625 1055 3704 tradidisti,
1072 3625 1123 3705 qui
1143 3623 1237 3686 Phor·
1315 3693 1318 3700 ,

133 3719 262 3778 minum
285 3718 391 3798 capitis
413 3720 583 3779 accusabat.
613 3715 780 3798 Ingressus*
793 3735 826 3776 es
847 3715 875 3774 in
900 3715 1052 3776 florentem
1078 3715 1240 3778 Aristarchi

133 3810 267 3884 demam,
282 3811 401 3871 Moschi
417 3830 457 3885 r.‚
477 3829 542 3870 eam
561 3811 723 3890 perdidisti.
745 3807 915 3890 Praecepisti
930 3809 986 3868 tria
997 3809 1109 3870 talenta
1122 3810 1160 3869 ab
1174 3809 1240 3870 Ari·
1266 3879 1274 3888 ‚

133 3903 253 3963 starcho
265 3903 317 3981 qui
333 3903 469 3962 exsulat:
490 3921 559 3962 eum
572 3901 665 3962 exsilii
684 3901 792 3962 viatico
807 3897 951 3980 spoliasti,
965 3894 1072 3959 famam
1094 3899 1166 3984 nihil
1188 3919 1240 3961 ve·

135 3995 218 4064 ritas,
232 4013 300 4054 cum
321 4005 351 4053 te
370 3994 466 4052 mirari
484 3994 607 4053 formam
621 3988 816 4053 adolescentis
834 3991 1012 4052 simulasses.
1036 3991 1140 4070 Neque
1162 3991 1240 4052 enim

135 4105 204 4146 sere
219 4089 338 4146 miratus
349 4105 392 4146 es.
418 4085 522 4166 Neque
533 4078 610 4144 enim
622 4103 796 4144 rerusamor
805 4081 1020 4163 improbitatem
1032 4083 1168 4144 admittit.
1193 4083 1239 4146 Er

136 4177 194 4247 his,
207 4177 409 4255 similibusque
422 4180 518 4250 rebus,
532 4176 722 4236 mamardus
736 4184 782 4236 est
794 4175 936 4254 proditor.
1222 4189 1225 4196 ’

175 4268 226 4328 63.
246 4269 385 4338 Quodam
407 4269 495 4329 etiam
508 4269 576 4328 loco
596 4267 707 4328 militia
724 4266 903 4327 mentionem
926 4265 1008 4340 iecit,
1027 4287 1135 4347 meque
1153 4287 1239 4348 ¹egre-

135 4362 218 4441 gium
238 4361 323 4420 illum
344 4362 465 4421 militem
478 4359 656 4442 appellarim
677 4379 735 4439 ego
756 4379 824 4420 vero
844 4377 904 4419 non
924 4369 1045 4438 propter
1065 4359 1145 4422 illius
1169 4381 1240 4421 con·
1371 4375 1375 4382 '

136 4451 255 4526 abtum
268 4453 328 4514 ted
351 4453 525 4516 discriminis
545 4453 633 4531 hujus
653 4452 756 4513 habita
775 4452 898 4523 ratione,
919 4449 983 4512 sine
1003 4451 1113 4512 invidia
1133 4451 1171 4512 de
1192 4449 1238 4512 llis

660 4548 679 4588 1
696 4543 732 4603 χ’
