2967 5017
246 341 305 402 610
521 339 734 402 ADVERSUS
756 337 1053 401 Mtctnrtrurt.

245 505 276 555 et
285 495 420 576 pleraque
440 495 605 556 testimonia
616 453 699 566 dixit,
712 504 854 555 renemnt
863 494 939 556 salso
951 499 1127 555 testamento
1140 485 1328 591 constpnato.

247 587 333 656 Quod
347 586 466 665 quidem
475 585 690 658 testamentum,
704 607 770 646 curn
781 589 822 648 ab
834 583 875 647 eia
887 585 1017 648 oblatum
1026 592 1115 655 emet,
1125 583 1272 642 inventum
1284 589 1332 641 eat

245 679 368 739 saltum:
390 697 484 757 neque
504 679 545 738 illi
561 679 781 739 succubuerunt
792 679 897 751 nolum,
909 679 962 738 aed
975 687 1084 738 etcum
1097 693 1211 736 aumma
1223 674 1330 752 impro-

244 770 343 830 bitatis
357 768 493 850 opinione
505 789 522 830 e
531 769 643 850 judicio
662 772 808 842 abieruut;
833 771 1041 851 Theopompus
1060 778 1158 829 autam
1176 765 1332 826 Macartati

245 870 325 940 pater
343 871 406 922 tum
424 882 565 942 praesent,
585 863 784 942 proclamante
803 883 950 943 mona,
970 860 1143 939 numquis
1164 877 1276 938 agere
1295 859 1332 918 iu

245 953 511 1014 hereditatem
538 956 695 1034 Hagnim
721 966 789 1015 aut
812 968 1064 1036 sacramento
1090 951 1331 1013 contendero

244 1045 371 1104 vellet
401 1045 484 1105 aive
518 1065 655 1125 genera
685 1046 765 1106 aive
798 1065 840 1105 ex
873 1054 1126 1115 testamento,
1151 1041 1333 1102 contendere

245 1149 427 1198 sacramento
450 1155 509 1196 non
534 1149 581 1198 eat
599 1157 699 1208 ausus,
720 1139 773 1198 aed
802 1140 864 1218 ipae
884 1135 1096 1217 pronunciavit,
1124 1135 1163 1194 ad
1190 1154 1223 1194 ae
1250 1134 1334 1194 nulla

245 1227 356 1290 ratione
377 1230 520 1308 pertinere
541 1231 668 1309 Hagniae
689 1229 900 1290 haereditatem.

287 1325 316 1383 3.
338 1321 435 1390 Quam
446 1342 513 1382 cum
528 1333 620 1382 mater
633 1323 714 1402 puori
728 1322 826 1402 hujus,
836 1321 945 1398 judicio
959 1321 1042 1382 uictia
1056 1319 1226 1380 adversariis
1238 1319 1334 1380 omni·

245 1414 312 1486 bue,
326 1424 446 1488 teneret,
461 1412 502 1472 ita
515 1415 616 1474 nefarii
638 1415 755 1474 luerunt
774 1413 833 1485 isti,
845 1425 878 1474 ut
891 1434 984 1493 nequa
998 1415 1028 1472 in
1041 1414 1157 1493 legibus
1171 1412 1269 1500 respit
1280 1431 1335 1472 ne-

246 1511 303 1584 que
316 1505 511 1566 in'eententiio
520 1506 652 1586 judicum
666 1506 907 1586 acquiescendum
919 1507 975 1566 aibi
988 1527 1054 1566 ease
1063 1506 1201 1586 putarint,
1212 1504 1265 1565 ned
1276 1523 1335 1584 quo

242 1599 307 1678 jure
321 1598 491 1679 quainjuria
505 1597 616 1658 mulieri
631 1617 728 1658 rursus
742 1600 851 1679 eripere
863 1598 1064 1659 haereditatem
1078 1617 1165 1677 quam
1180 1598 1207 1658 ei
1222 1617 1272 1657 vor
1281 1597 1335 1657 ad-

247 1690 383 1750 dixeratis
398 1689 586 1750 instituerint:
607 1689 705 1768 itaque
724 1691 923 1770 conjuratione
941 1691 1023 1752 facta
1041 1699 1072 1750 et
1089 1688 1200 1750 foedere
1213 1691 1288 1750 inter
1301 1707 1336 1748 aa

248 1783 307 1866 icto
325 1801 417 1862 eoque
438 1781 516 1861 apud
530 1780 671 1841 Medeam
688 1781 871 1862 Hagnuaium
885 1783 1029 1864 deponito,
1041 1783 1250 1861 Theopompus
1269 1779 1338 1840 Ma-

247 1875 350 1936 cartati
377 1885 469 1954 pater,
493 1883 524 1932 et
547 1871 671 1945 Glauco,
693 1883 722 1932 et
746 1873 877 1933 Glaucus
903 1873 1106 1952 priuatimue,
1131 1872 1189 1931 alio
1208 1872 1338 1950 quodam

247 1966 429 2026 familiarium
450 1973 555 2042 quarto
575 1964 923 2044 adhibito-Eupolemus
937 1965 964 2023 ei
977 1982 1083 2022 nomen
1102 1972 1215 2029 erat-,
1229 1963 1260 2019 hi
1271 1982 1340 2022 om-

248 2077 300 2118 nen
320 2057 509 2116 communiter
529 2056 666 2126 insidiati,
681 2055 808 2116 citarunt
819 2055 967 2115 mulierem
978 2055 1017 2117 ad
1027 2051 1341 2132 praetoremaddiaoe-

246 2150 408 2230 prationem
423 2147 586 2227 Hagnianm
608 2149 796 2218 hereditatio,
809 2148 874 2225 lege
898 2147 964 2206 freti
977 2165 1044 2225 quaa
1062 2146 1189 2225 juberet,
1203 2165 1271 2205 eum
1285 2148 1340 2227 qui

248 2240 368 2301 adiisset
378 2239 576 2302 hoereditatem
586 2251 617 2300 et
628 2251 742 2301 teneret
751 2239 842 2309 citari,
851 2237 875 2298 ai
885 2239 949 2316 quia
959 2240 989 2298 in
1001 2238 1126 2298 eandem
1137 2256 1224 2318 agere
1237 2239 1340 2302 vellet.

249 2336 314 2394 Hos
329 2335 377 2394 ubi
390 2346 496 2414 proetor
509 2335 538 2394 in
548 2334 690 2414 judicium
703 2333 800 2404 duxit,
808 2343 839 2390 et
851 2350 941 2391 cauea
952 2332 1070 2410 agenda
1078 2331 1143 2405 fuit,
1154 2343 1216 2392 tum
1225 2331 1283 2392 alia
1291 2332 1341 2394 aia

248 2427 346 2488 omnia
358 2425 521 2506 preparata
539 2428 659 2485 luerunt
678 2425 716 2484 ad
736 2424 888 2503 judicium,
901 2435 965 2484 tum
979 2444 1074 2503 aquae,
1088 2425 1126 2487 ad
1141 2411 1229 2503 qirnm
1240 2423 1341 2485 diace-

249 2519 390 2599 ptandum
412 2529 484 2590 erat,
508 2517 672 2597 quadruplo
690 2517 758 2595 plna
781 2517 862 2578 nobie
887 2525 1080 2596 acceperunt:
1105 2534 1226 2578 necesse
1248 2517 1339 2590 enim,

248 2611 382 2684 iudicer,
395 2611 523 2671 habebat
535 2609 824 2688 prator'amphoram
844 2608 1001 2687 unicuique
1018 2608 1339 2670 accusatorum-infun·

250 2702 329 2774 dere,
339 2713 368 2762 et
390 2713 448 2761 tren
461 2701 550 2762 choas
564 2699 716 2779 posteriori
730 2701 860 2763 orationi.
901 2701 1027 2762 Proinde
1039 2702 1127 2762 fiebat
1139 2713 1173 2760 ut
1186 2721 1242 2781 ego
1256 2700 1340 2761 moli·
1398 2741 1402 2746 ‚

250 2795 305 2854 erin
319 2793 464 2866 delenror,
478 2811 537 2852 non
559 2792 646 2852 modo
660 2792 697 2853 de
712 2811 829 2872 genere,
842 2803 874 2852 et
892 2793 1006 2852 caterio
1019 2813 1087 2872 quaa
1104 2792 1231 2853 dicenda
1243 2806 1339 2868 erant,

245 2876 392 2966 judicibus
406 2906 470 2947 meo
484 2885 621 2946 arbitratu
641 2905 756 2946 narrare
778 2904 837 2944 non
855 2903 983 2962 portem,
996 2883 1049 2943 aed
1063 2903 1099 2944 ne
1112 2885 1259 2945 minimam
1273 2888 1340 2967 qui-

251 2981 316 3042 dem
329 2980 555 3050 mendaciorum,
566 2999 631 3056 qura
642 2979 671 3036 in
683 2997 736 3036 nos
746 2985 964 3052 congeaserant,
978 2984 1089 3054 partem
1102 2975 1240 3038 refutare:
1254 2979 1341 3058 quin.

251 3087 312 3134 tam
326 3073 401 3132 enim
415 3092 500 3149 aqum
514 3081 624 3148 partem
636 3067 791 3136 ‚habebam
831 3066 930 3143 Atque
941 3066 972 3126 id
983 3067 1131 3127 artificium
1145 3069 1218 3130 illud
1231 3071 1296 3147 fuit,
1305 3083 1341 3133 ut

250 3163 306 3240 ipsi
319 3163 393 3219 inter
405 3181 437 3218 re
452 3160 634 3218 colluderent
646 3175 680 3216 ac
695 3167 811 3225 mutuas
825 3158 974 3218 traderent
985 3178 1088 3239 operar
1101 3163 1255 3243 omniaque
1268 3182 1341 3226 oon·

252 3253 409 3320 titerentur,
433 3249 471 3308 de
494 3249 577 3308 nobis
599 3257 696 3308 autern
710 3269 746 3308 ea
759 3249 889 3310 dicerent
906 3270 973 3329 quar
994 3264 1150 3331 nunquam¹
1162 3255 1242 3316 facta
1259 3268 1340 3330 aunt.

253 3342 329 3401 Cum
343 3341 430 3418 igitur
444 3341 482 3399 ad
496 3359 561 3400 cum
576 3341 693 3400 modum
707 3341 812 3402 insidia
826 3343 1001 3404 struxiaaant
1012 3344 1220 3427 etconjun'ctia
1230 3349 1342 3412 viribon

252 3453 308 3493 nor
328 3443 541 3511 oppugnarent,
558 3432 680 3494 cadiscir
702 3443 881 3513 quatuorex
899 3436 966 3514 lege
984 3437 1097 3516 positia,
1112 3439 1342 3519 judicea;·quod

252 3523 387 3604 equidem
401 3543 459 3582 non
474 3523 569 3596 miror,
584 3524 698 3604 decepti
711 3525 787 3586 inter
801 3545 866 3588 aeae
879 3527 1088 3601 dissenserunt,
1103 3540 1191 3610 atque
1204 3531 1260 3591 illia
1273 3533 1342 3594 arti·

253 3615 449 3678 fic'iiraaducti
463 3616 492 3674 id
505 3617 745 3695 pronuntiarunt,
758 3619 839 3698 quod
854 3618 1009 3699 unicuique
1020 3622 1052 3682 in
1064 3624 1188 3682 buccam
1200 3637 1341 3685 venerat:

252 3707 415 3786 calculique
432 3706 534 3786 paucio
556 3707 674 3768 omnino
696 3708 802 3788 plures,
817 3711 862 3769 vel
882 3710 974 3772 tribua
993 3711 1038 3773 vel
1052 3725 1185 3794 quatuor,
1199 3716 1228 3774 in
1247 3716 1343 3776 Theo·

254 3800 353 3880 pompi
370 3799 496 3872 caduco,
507 3820 595 3878 quam
609 3801 639 3860 in
653 3801 791 3874 mulieris,
804 3813 872 3861 sunt
884 3803 1003 3865 inventi.

286 3897 325 3952 '4.
339 3893 390 3952 ’Ac
415 3879 483 3952 tum'
497 3891 561 3950 hoec
582 3903 649 3957 acta
666 3893 794 3965 luerunt,
812 3893 950 3954 ludices:
970 3907 1163 3977 posteaquam
1175 3899 1344 3962 autemhoc

256 4004 347 4063 puero
361 3994 431 4046 nato
445 3994 558 4062 tempor
573 4005 638 4046 eoae
651 3985 814 4059 videbatur,
827 4006 884 4067 ago
897 3975 963 4048 ¹nou
985 3990 1075 4052 iratur
1087 3994 1126 4051 ob
1140 4011 1178 4052 ea
1188 4011 1255 4072 qnae
1261 3993 1346 4054 acci·

254 4075 370 4148 derant,
384 4079 437 4139 aad
450 4075 608 4136 humanum
622 4078 761 4156 quiddam
775 4080 918 4142 accidisse
931 4092 1011 4144 ratur
1022 4085 1100 4145 illino
1117 4087 1254 4166 temporis
1262 4085 1344 4186 der

255 4167 349 4238 cibus,
363 4166 508 4228 introduxi
522 4169 560 4228 ad
575 4169 698 4230 curiales
713 4171 839 4252 Hagnire
853 4175 1027 4238 Eubulidern
1042 4197 1162 4257 puerum
1174 4178 1264 4251 hunc,
1278 4180 1345 4257 ejus

255 4257 316 4316 tilia
335 4268 446 4332 natum,
461 4271 494 4320 ut
508 4266 634 4339 fneejus
656 4263 764 4323 familia
785 4265 974 4328 desolaretur.
1019 4270 1050 4329 la
1073 4269 1345 4346 enimEubulidor,

207 4423 211 4430 ¹
253 4347 386 4419 ludicen,
401 4349 525 4430 Htffniae
541 4373 646 4432 genere
668 4355 827 4434 proximus,
840 4357 869 4417 in
891 4359 988 4437 primis
1010 4360 1128 4438 qnidam
1148 4363 1346 4444 exoptabat-a

229 4457 232 4463 ·
256 4439 312 4502 diis
335 4439 388 4502 sibi
403 4445 482 4504 narni
497 4444 598 4516 filium,
614 4447 860 4525 quemadmodum
880 4451 907 4508 ei
925 4451 1031 4512 attilia
1048 4453 1129 4531 pueri
1148 4455 1237 4534 boios
1250 4465 1345 4516 mater
