2967 5017
245 310 304 374 762
553 310 720 375 CONTRA
740 310 1032 375 TllllOORINEll.

243 476 342 527 autem
356 466 514 541 colludere,
530 469 688 550 partirique
700 470 871 551 largitiones
885 491 895 539 ς
913 480 1001 548 etque
1013 462 1171 547 aliquunde
1180 460 1345 523 corridum

244 558 320 621 inter
333 580 376 633 ee,
392 572 424 621 et
436 564 574 623 extremis
587 563 709 623 invicem
724 564 836 645 probriu
847 562 973 633 efficere,
983 558 1072 641 pnulo
1086 565 1165 639 poet,
1173 555 1235 615 dieu
1248 553 1348 615 letto·

244 670 305 712 une
321 652 441 733 agitare,
455 663 486 713 et
508 672 592 716 encre
615 655 722 716 hebere
742 656 917 716 communie.
959 653 1065 734 Neque
1086 648 1192 708 borum
1211 646 1346 706 lortnnne

244 744 401 824 quicquum
415 757 460 806 eut
480 746 584 807 miretu
607 746 740 826 dignum.
782 748 860 808 Nem
882 756 914 807 et
932 754 1040 806 nature
1063 751 1133 803 eunt
1153 737 1289 819 improbi,
1307 746 1345 797 et

244 836 319 897 tnlee
330 836 513 899 velitatione·
527 838 628 900 vident
641 860 659 899 e
670 840 754 901 vobin
774 838 938 921 npproburi.
979 836 1080 907 Quare
1092 830 1164 913 qnid
1174 840 1267 903 vetet,
1278 848 1345 910 ‘1¹¹⁰

245 928 341 991 minue
354 930 401 991 bin
415 932 527 993 ortibus
537 933 672 1013 decipere
683 952 736 993 voe
745 930 919 993 inntitunntl
939 929 1076 1008 Denique
1086 928 1191 987 decere
1208 942 1262 983 voe
1275 923 1346 1001 opi-

245 1040 309 1095 nor,
322 1022 452 1097 ludicen,
464 1023 537 1084 illud
553 1036 698 1107 opertere,
717 1025 740 1085 si
753 1044 840 1105 toque
851 1024 947 1085 dicum
968 1033 999 1083 et
1015 1029 1213 1082 conuentnnen
1224 1014 1345 1095 legibue

245 1114 311 1193 ipen
322 1113 360 1175 de
372 1135 414 1189 re,
427 1115 664 1201 utuopitulemini,
678 1136 774 1198 neque
785 1116 967 1189 intueamini,
981 1132 1020 1175 nn
1035 1114 1060 1173 iu
1075 1111 1126 1192 qui
1138 1118 1267 1181 eccum»
1280 1126 1344 1167 Μ

246 1206 287 1267 uit
307 1206 610 1283 Demoetheuee„eed
636 1209 892 1278 adolescentulum
913 1225 1011 1287 neque
1033 1205 1100 1286 plus
1117 1201 1253 1263 tribuetis
1265 1200 1341 1279 legi-

246 1300 312 1373 bue,
325 1300 351 1361 ei
364 1300 431 1380 quic
442 1321 493 1363 een
511 1303 605 1364 verbio
618 1313 774 1365 exornetur
785 1302 871 1364 vobio
889 1302 1036 1371 exhibeat,
1051 1295 1180 1377 quernei
1197 1294 1249 1374 qui
1264 1312 1344 1372 quo-

246 1391 454 1473 modocunque
476 1394 635 1475 explicent,
664 1395 718 1457 ned
739 1405 958 1475 putemurque
980 1391 1105 1453 eundem
1128 1387 1341 1458 auctoritatem,

245 1492 389 1567 tectoque
411 1488 506 1567 megin
528 1488 653 1568 imperiti
673 1499 705 1549 et
728 1487 935 1549 odolenoenten
956 1480 1115 1565 ndjnvundi
1133 1489 1212 1553 nunt,
1231 1489 1344 1560 quanto

247 1576 345 1641 ιιιὶιιιιι
358 1596 412 1639 von
426 1578 604 1659 deceperint.
633 1579 662 1640 N
663 1600 711 1641 em
722 1579 901 1643 eontrarium
913 1597 980 1641 enee
993 1578 1115 1649 luctum,
1127 1585 1159 1635 et
1169 1592 1229 1635 nou
1241 1573 1344 1645 intutu,

248 1669 304 1731 red
320 1687 369 1731 me
387 1668 564 1733 lectionibus
577 1690 726 1753 *prunum
740 1682 773 1734 et
789 1693 813 1733 n
831 1671 1007 1753 quibuudnm
1019 1670 1071 1751 qui
1083 1676 1265 1749 receperunt,
1275 1684 1311 1727 oe
1324 1684 1347 1726 c

249 1780 297 1825 me
320 1772 459 1837 uteturoi,
480 1774 598 1846 propter
619 1765 740 1827 ieiunum
763 1765 994 1847 conepirntionee
1015 1782 1084 1825 ense
1104 1759 1262 1843 proditum,
1282 1776 1347 1819 non

248 1855 348 1929 omn,
366 1857 553 1937 perspicuum
578 1858 663 1921 robii
684 1858 750 1921 erit.
790 1858 890 1919 Vocet
907 1876 1006 1939 preco
1026 1855 1075 1916 hio
1097 1852 1347 1925 Demosthenem,

119 2018 124 2027 Ι
249 1946 494 2010 nonudreendet.
526 1948 600 2027 Ejus
614 1959 711 2009 nutem
724 1950 1000 2011 reicnuueextnou
1011 1943 1348 2025 hnc,quodcquibux·

250 2036 320 2101 dem
342 2037 500 2109 ndduetnu,
522 2039 611 2101 letum
631 2040 735 2112 detuli,
756 2039 808 2099 ned
829 2039 910 2119 qnod
922 2038 990 2111 inte,
1002 2048 1035 2098 et
1046 2038 1072 2099 iu
1085 2038 1136 2117 qui
1148 2035 1238 2097 modo
1257 2054 1348 2096 vucc-

250 2130 347 2202 bntur,
359 2130 434 2189 iuter
448 2149 481 2189 ee
498 2138 713 2211 tremegeruut.
754 2130 845 2199 Quod
856 2141 892 2192 ut
904 2148 1007 2191 verum
1026 2148 1094 2191 eure
1106 2138 1231 2200 constet,
1244 2126 1348 2189 dicere

251 2220 450 2283 testimonium
464 2241 570 2303 cogent
585 2224 821 2305 Clinomcohum,
842 2222 893 2305 qui
906 2244 958 2285 eon
971 2214 1177 2295 reconcilievit,
1190 2231 1222 2281 et
1242 2220 1348 2281 Eubu-

251 2314 351 2388 lidem,
365 2314 458 2395 quiin
472 2316 798 2397 Cynoeergeiuterluit.
838 2316 943 2397 Neque
962 2335 1033 2377 vero
1053 2315 1170 2393 rignum
1188 2313 1273 2374 vobin
1289 2313 1349 2375 lnoc

252 2407 360 2481 minue,
379 2408 433 2469 red
457 2408 550 2488 mnjuu
575 2408 730 2489 proferam,
749 2408 829 2471 uude
849 2418 967 2470 constet
987 2408 1045 2469 boc
1068 2427 1134 2469 enee
1155 2427 1267 2479 verum,
1286 2427 1349 2489 quo

254 2500 366 2575 audito,
378 2501 449 2561 mibi
467 2519 572 2563 omnen
592 2502 798 2563 ensentiemini.
839 2502 1027 2576 Theocrioee,
1046 2502 1098 2583 qui
1111 2500 1283 2561 violntemm
1304 2500 1349 2561 le·

254 2604 458 2675 gemuerunt
469 2594 615 2676 impurum
628 2596 723 2675 illum,
741 2606 776 2656 nt
789 2596 1011 2677 >quamprimum
1034 2595 1123 2665 dicet,
1136 2603 1167 2653 et
1184 2592 1307 2653 ictorum
1319 2593 1350 2653 ei

253 2686 394 2749 melorum
408 2698 566 2759 auctorem,
578 2688 676 2767 pulum
688 2690 716 2749 ei
729 2688 840 2749 remisit
852 2688 884 2747 id
898 2686 1008 2748 crimen
1021 2686 1101 2767 quod
1111 2685 1215 2745 decem
1227 2684 1349 2746 telentiu

255 2780 426 2841 metimuret.
456 2778 536 2849 Quit
557 2779 639 2840 Nihil
657 2780 689 2840 id
701 2781 820 2860 quidem
837 2779 916 2852 novi,
928 2778 983 2838 ned
1003 2778 1081 2839 idem
1100 2778 1179 2850 lecit,
1198 2776 1278 2855 qnod
1297 2776 1350 2837 elii

255 2870 375 2951 quidem
390 2871 480 2931 indue
495 2869 607 2932 eimilen
625 2882 761 2953 egerunt
802 2871 879 2930 Nem
898 2868 1140 2941 Demouthenem,
1154 2868 1350 2947 pronuncintn

256 2964 382 3039 notione,
390 2964 500 3041 jurarit
512 2962 631 3043 quidum
642 2976 795 3043 aegrotnre,
810 2982 879 3023 cum
892 2961 918 3021 iu
932 2959 1108 3034 ambularet·
1119 2969 1208 3039 etque
1216 2958 1349 3019 AEoobini

256 3057 486 3119 conviciaretur:
508 3076 576 3117 eum
587 3076 656 3117 vero
668 3056 817 3115 inimicum
830 3053 887 3114 inte
900 3053 1020 3113 ιιιίειιιιιι
1032 3054 1110 3127 lecit,
1122 3062 1155 3113 et
1168 3070 1263 3131 neque
1275 3061 1349 3112 tunc

252 3152 458 3231 junjurunduru
478 3150 571 3221 dedit,
592 3168 688 3228 neque
714 3146 853 3227 deincepe
871 3148 904 3207 ei
925 3146 1122 3207 denunciavit.
1162 3146 1271 3207 Nonne
1289 3146 1350 3207 eri·

257 3242 361 3303 denter
382 3240 429 3302 inti
449 3240 552 3301 fucum
564 3241 647 3302 vobin
668 3240 789 3317 iaciunt,
802 3240 852 3321 qui
864 3260 915 3302 eor
930 3249 969 3300 -ut
980 3240 1054 3301 iuter
1073 3258 1106 3301 ne
1119 3238 1251 3301 inimicos
1262 3236 1349 3301 eudi-

259 3332 336 3397 etiul
357 3332 463 3395 Recito
475 3330 651 3396 testimonie.

668 3554 937 3619 TESTIMONIA.

260 3700 388 3763 Proinde
405 3702 521 3783 juitum
544 3712 601 3775 ert,
620 3700 754 3775 ludicen,
768 3723 864 3784 neque
876 3722 930 3764 voe
952 3720 1004 3763 eor
1024 3698 1127 3761 audire
1148 3698 1236 3769 velle,
1250 3696 1301 3776 qni
1317 3716 1350 3757 ee

261 3794 418 3858 Theocriui
443 3816 480 3856 ex
502 3794 571 3856 odio
599 3794 806 3857 Demosthenis
831 3794 1007 3877 petrooiueri
1029 3791 1219 3872 profitentur:
1248 3790 1351 3870 jubete

258 3888 369 3967 potius,
384 3887 525 3967 siquidem
548 3905 648 3948 revere
668 3886 777 3949 inimici
799 3887 868 3962 nint,
881 3896 916 3947 ut
935 3906 1003 3947 eum
1027 3884 1070 3943 illi
1089 3892 1240 3957 occurent,
1253 3900 1351 3963 neque

259 3980 405 4041 conuerie
431 3978 545 4060 legibue
570 3979 698 4040 scribere
722 3980 991 4060 patiuntur-nunt
1009 3986 1109 4037 nutem
1138 3987 1171 4037 et
1202 3975 1257 4055 ipsi
1288 3972 1352 4035 elo-

259 4072 522 4152 quenten,ut=pluu
543 4071 624 4153 opud
635 4089 688 4132 von
709 4071 821 4134 hubent
840 4071 1079 4133 auctoritatis—z
1098 4062 1228 4130 uediron
1240 4068 1354 4128 inolent

260 4160 329 4223 hoc.
360 4162 577 4232 Quumobreml
605 4162 684 4233 Quin
704 4184 737 4226 oe
760 4164 861 4226 dicent
874 4163 1007 4225 inimicos
1029 4180 1107 4235 enee,
1127 4182 1196 4223 cum
1216 4180 1276 4221 non
1294 4160 1355 4222 nint

260 4272 380 4315 rurmror.

304 4347 351 4407 12.
364 4345 426 4407 Sed
443 4348 564 4409 istorum
583 4350 748 4413 inimicitiae
766 4370 820 4413 roe
840 4350 912 4411 milri
926 4350 1034 4411 certior
1054 4348 1243 4431 exposueritis
1263 4364 1360 4427 qunm·

261 4456 318 4519 epo
340 4437 435 4503 vobin
460 4439 565 4505 libem
585 4454 682 4507 eutem
695 4464 795 4508 eornm
810 4445 895 4509 vobin
906 4443 1097 4508 Theocrinem
1117 4450 1315 4525 percontarer,
1328 4440 1353 4503 ui
