2967 5017
379 343 734 433 penetrarant
756 341 1001 419 fflflarronu.
1187 347 1239 440 -so

130 497 228 558 ιοιιοι
241 515 311 558 suos
324 499 375 578 qui
394 488 551 571 adfuerint,
557 497 736 566 nominatim
756 515 823 556 cum
838 497 928 574 ipsos,
948 505 1011 554 turn
1029 494 1116 554 urbes
1131 498 1247 556 eorum*

91 616 94 626 ·
128 589 325 669 inscripsisse,
339 610 391 650 eos
404 589 474 650 vero
488 590 584 650 socios
607 589 658 668 qui
676 608 736 649 uon
758 587 916 657 adfuerint,
937 585 1092 667 pollicetur
1116 605 1149 644 se
1162 585 1231 648 mis·

128 700 230 740 surum
243 701 318 742 esse.
348 683 424 742 Haec
437 701 508 760 ergo
522 681 630 760 putatis
646 679 811 758 Philippum
824 697 885 739 nou
899 677 1025 760 interdiu
1039 678 1163 738 scribere
1177 698 1230 757 po·

128 771 220 852 tuisse
230 773 295 834 sins
308 774 378 837 tnei
400 774 461 836 Sed
473 775 516 834 ita
528 793 574 832 me
588 773 629 832 dii
643 783 752 845 ament,
765 771 814 832 isti
833 791 892 832 non
907 770 986 830 aliud
1007 789 1087 830 curas
1102 789 1166 830 esse
1177 791 1230 858 ap-

128 876 223 942 paret,
236 865 293 926 nisi
314 878 348 926 ιιι
366 866 481 926 interim
501 865 572 926 dum
584 867 674 927 verba
694 864 777 938 lacit,
796 864 968 942 eloquentia
989 863 1111 941 gloriam
1126 885 1229 926 conse-

128 967 253 1034 quatur:
278 977 398 1020 unvero
416 957 505 1038 paulo
524 967 594 1037 post
607 957 735 1018 omnium
750 955 921 1016 Groecorum
939 951 1169 1034 improbissimus
1192 955 1230 1050 sit
1292 965 1299 971 “

127 1047 337 1127 perhibendus,
350 1070 403 1130 pro
417 1050 508 1110 nihilo
521 1060 635 1130 putare.

129 1143 220 1217 41.
242 1141 322 1220 Quid
339 1143 416 1202 enim
430 1141 483 1203 tali
496 1139 609 1201 homini
624 1141 781 1245 qnisquam
800 1139 911 1214 credat,
928 1161 978 1220 qur
970 1139 1089 1202 ἰιιιιιι
1102 1151 1162 1201 ιιοιι
1178 1161 1228 1202 ve·

127 1229 201 1292 ritus
216 1242 272 1306 est,
285 1234 454 1313 Philippum
475 1251 535 1290 non
550 1232 612 1291 suis
624 1231 775 1310 auspiciis,
788 1231 842 1290 sed
855 1231 926 1292 meis
941 1227 1131 1298 concionibus
1153 1233 1229 1296 intra
1266 1238 1270 1245 '

100 1319 217 1400 ‘Pylas
230 1323 421 1403 penetrasse?
442 1324 541 1400 Atque
564 1323 651 1382 etiam
673 1341 827 1382 numerum
846 1323 986 1382 dierum
979 1323 1042 1383 ιιιιιι
1065 1325 1143 1404 apud
1164 1346 1227 1402 vos,

96 1477 99 1481 ,
125 1411 202 1474 intra
224 1433 300 1492 quos
314 1434 372 1493 ego
392 1414 570 1493 legationem
590 1413 799 1484 renunciarim,
818 1423 850 1473 et
870 1413 1012 1488 Phalaeci,
1030 1406 1227 1504 Ριιοιιιιιιιιιιι

127 1505 253 1582 tyranni,
267 1505 379 1584 publici
392 1505 602 1568 caduceatores
619 1505 738 1568 decreta
758 1515 861 1568 nostra
877 1506 946 1566 illuo
968 1504 1173 1578 renuntiarint,
1197 1519 1228 1568 ιι

126 1592 295 1658 Phocenses
309 1618 357 1658 me
366 1599 432 1659 freti
446 1598 544 1682 illurn
537 1610 615 1660 rutra
627 1597 717 1679 Pylas
731 1598 905 1680 receperint,
919 1607 1007 1678 atque
1020 1599 1108 1660 urbes
1119 1618 1185 1660 suas
1199 1601 1226 1660 ei

126 1685 312 1766 tradiderint.
348 1690 388 1748 Et
399 1690 466 1750 haec
478 1691 615 1773 quidem
610 1701 794 1750 commentus
814 1700 861 1748 ιιι
876 1701 1037 1760 aecusator,
1057 1709 1105 1748 res
1129 1701 1226 1752 antem

127 1758 347 1840 Phocensium
337 1781 519 1854 interierunt,
532 1783 658 1861 primum
680 1801 733 1861 per
752 1780 908 1852 fortunam,
928 1801 994 1860 qua
1016 1779 1149 1846 omnibus
1174 1783 1226 1842 do-

125 1864 265 1952 ιιιιιιιιιιι,
280 1872 388 1933 deinde
402 1883 521 1952 propter
541 1875 679 1954 spatium
689 1875 828 1953 temporis
845 1884 876 1934 et
889 1871 1054 1934 decennale
1074 1873 1226 1934 bellum-

22 1971 27 1977 '
125 1961 231 2037 ιιιιιιιι
243 1963 320 2024 enirn
334 1984 381 2028 res
395 1965 589 2040 Phocensium
603 1975 791 2046 tyrannorum
804 1985 874 2046 opes
889 1975 920 2028 et
929 1965 1022 2036 auxit,
1033 1975 1064 2026 et
1073 1966 1227 2058 destruxit,

125 2072 196 2133 nam
209 2055 358 2137 imperinm
372 2056 575 2138 susceperunt,
589 2078 656 2120 cum
669 2058 734 2119 ausi
753 2068 854 2120 essent
872 2078 985 2121 sacram
1008 2059 1161 2138 pecuniam
1180 2061 1225 2120 in·

125 2145 243 2219 vadere,
257 2159 287 2206 et
300 2149 519 2228 peregrinorum
531 2149 655 2210 militurn
670 2169 759 2228 opera
771 2151 951 2231 respublicas
971 2145 1146 2227 mutassent,
1158 2160 1224 2212 tan-

126 2236 194 2296 dem
208 2238 382 2320 interierunt
394 2240 493 2320 inopia
506 2240 650 2321 pecunia,
664 2261 732 2303 cum
745 2261 811 2302 eam
826 2262 940 2304 omnem
959 2242 988 2300 in
1006 2243 1150 2322 stipendia
1171 2245 1225 2304 mi-

126 2329 211 2388 litum
233 2341 453 2408 erogassent-,
471 2333 559 2394 tertio
580 2334 648 2394 loco
662 2353 714 2394 eos
727 2335 832 2394 evertit
854 2331 971 2405 seditio,
993 2355 1059 2413 quoe
1079 2337 1224 2400 exercitus

125 2423 249 2500 penuria
261 2423 427 2484 laborantes
441 2424 619 2485 familiariter
632 2425 767 2485 comitari
788 2425 872 2498 solet,
888 2436 992 2504 quarto
1009 2425 1078 2486 loeo
1094 2413 1223 2490 Phalaeci

124 2512 287 2583 futurarum
300 2534 396 2574 rerum
415 2516 570 2594 ignoratio.
604 2516 682 2574 Nam
695 2516 902 2576 Thessalorum
917 2518 1035 2596 quidem
1051 2529 1081 2578 et
1087 2509 1223 2600 Philippi
1315 2509 1319 2522 ’

126 2607 272 2668 exercitus
284 2607 314 2666 in
324 2617 487 2688 conspectu
499 2618 573 2679 erat,
586 2627 646 2666 non
660 2593 863 2668 multoautem
876 2618 944 2666 ante
954 2629 1042 2686 quam
1056 2629 1115 2688 pax
1125 2604 1223 2672 vobis-

123 2716 194 2756 cum
207 2697 336 2769 iniretur,
350 2698 440 2777 legati
454 2699 652 2758 Phocensium
666 2698 706 2759 ad
725 2718 777 2760 vos
795 2709 945 2770 venerant,
957 2699 1065 2760 ιιιιιιιι
1077 2711 1223 2779 petentes,

124 2803 158 2850 et
170 2791 252 2851 vobis
269 2810 301 2850 se
315 2791 470 2850 tradituros
488 2790 662 2870 pollicentes
674 2790 834 2875 Alponum,
850 2791 1020 2866 lbronium,
1034 2801 1067 2850 et
1079 2782 1222 2869 Nicaeam,

120 2901 193 2962 qua
204 2882 272 2942 loca
284 2883 407 2942 transitu
423 2881 563 2962 Pylarum
576 2883 756 2963 potiuntur.
766 2884 843 2943 Cum
857 2901 925 2942 vero
939 2903 990 2944 vos
1007 2875 1221 2959 decrevissetis,

124 2992 162 3034 ea
174 2973 242 3036 loca
255 2975 394 3051 Proxeno
407 2976 475 3036 duci
488 2986 584 3036 vestro
598 2996 618 3036 a
627 2976 828 3037 Phocensibus
843 2975 987 3038 tradenda
1000 2995 1077 3050 esse,
1088 2988 1117 3036 et
1137 2979 1222 3056 quiu-

125 3068 267 3146 quaginta
282 3068 414 3128 triremes
436 3069 637 3148 complendas,
657 3079 687 3129 et
705 3069 740 3130 iis
762 3070 813 3150 qui
832 3069 906 3128 intra
925 3069 1106 3159 trigesimum
1126 3069 1222 3130 ιιιιιιι

94 3193 97 3196 ’
125 3179 235 3220 annum
253 3171 355 3220 essent
369 3162 400 3221 iu
413 3162 506 3221 aciem
519 3161 700 3235 exeundum,
721 3161 836 3240 tyranni
855 3179 891 3220 ea
910 3160 978 3222 loca
992 3161 1126 3220 Proxeno
1146 3147 1221 3222 adeo

125 3271 186 3312 non
191 3251 389 3326 tradiderunt,
399 3264 433 3313 nt
440 3253 566 3332 legatos,
576 3253 627 3333 qui
641 3272 675 3314 se
686 3272 766 3314 arces
776 3253 841 3315 illas
851 3254 935 3314 robis
946 3253 1104 3314 tradituros
1114 3253 1222 3332 promi·

125 3354 237 3416 serant,
259 3345 290 3404 in
312 3346 430 3406 vincula
448 3346 638 3425 conjecerint,
658 3356 690 3407 ιι
706 3365 775 3406 curn
791 3345 954 3418 iecislibus,
974 3346 1024 3426 qui
1044 3363 1151 3406 arcana
1171 3343 1227 3432 ills.

120 3436 237 3510 toedera
253 3437 557 3508 annunciabantsoli
578 3438 749 3498 Graecorum
770 3437 936 3498 Phocenses
957 3436 1055 3497 foedus
1077 3456 1137 3497 non
1154 3456 1220 3515 per·

122 3529 280 3588 cesserint.
305 3528 420 3588 Deinde
431 3549 497 3588 cum
511 3529 706 3590 Archidamus
721 3529 799 3590 Laco
812 3539 932 3608 paratus
943 3537 1020 3587 esset
1033 3517 1159 3588 loca'illa
1172 3547 1220 3588 ac·

118 3620 232 3699 ,cipere
246 3621 380 3692 actuari,
394 3640 452 3681 non
466 3629 667 3689 assenserunt,
686 3620 742 3679 sed
757 3621 788 3694 ‚ei
805 3616 1031 3700 responderunt,
1051 3635 1083 3675 se
1106 3617 1220 3706 Sparten

122 3712 219 3791 megin
231 3731 319 3790 quarn
333 3712 394 3772 suis
409 3713 494 3772 rebus
509 3711 652 3772 diffidere.
672 3711 717 3771 Eo
729 3720 984 3788 nutemtempore,
1001 3708 1132 3769 nondum
1145 3709 1220 3770 iuter

122 3813 222 3873 voset
239 3797 406 3882 Philippum
418 3813 607 3876 convenerat,
626 3801 680 3863 sed
694 3803 797 3862 ιοιιιιιι
811 3801 857 3860 die
876 3804 907 3860 et
924 3799 962 3860 de
981 3819 1055 3879 pace
1075 3799 1219 3862 delibera·

114 3896 209 3970 batis,
218 3904 255 3968 et
266 3895 395 3969 Proxeni
408 3896 507 3956 literas
527 3895 702 3967 audiebatis,
715 3895 822 3972 quibus
836 3892 1065 3971 ¹significabatur,
1084 3891 1220 3952 Phocen-

121 4005 171 4047 ses
184 3977 253 4048 lo'ca
264 3987 317 4048 illa
328 4007 389 4048 non
398 3976 564 4062 tradidisse,
578 3997 610 4048 ιι
621 3988 643 4048 ii
655 3987 706 4066 qui
719 4003 826 4046 aroana
838 4003 923 4046 saera
936 3984 1129 4062 annunciant,
1143 3983 1219 4045 indi-

122 4081 245 4153 cabant,
254 4080 352 4140 ιιιοι
344 4089 419 4140 rnter
432 4090 545 4141 ceteros
559 4079 683 4140 Graecos
697 4079 867 4138 Phocenses
879 4078 975 4139 foedus
989 4077 1220 4150 nonadmisisse,

123 4171 178 4235 sed
189 4171 317 4250 legatos,
329 4191 380 4250 qur
371 4171 450 4232 huc
464 4171 586 4252 profecti
599 4179 708 4250 essent,
721 4170 753 4229 in
773 4169 890 4230 vincula
903 4169 1072 4248 conjecisse.
1098 4169 1173 4238 Qnae
1185 4180 1220 4234 ιιι

122 4283 191 4324 vere
202 4283 223 4324 a
241 4264 361 4325 medici
374 4273 498 4335 constet,
512 4282 628 4324 accerse
647 4261 780 4336 feciales,
801 4275 832 4323 ιι
851 4261 1047 4346 Callistratem
1061 4281 1096 4322 ac
1117 4248 1215 4321 Μιιι

123 4375 240 4434 genem,
251 4374 327 4432 quos
339 4352 491 4418 Proxenus
504 4356 544 4418 ad
557 4355 728 4418 Phocenses
740 4353 856 4436 legatos
868 4353 956 4418 misit.
978 4353 1104 4418 Audite
1095 4363 1164 4418 nen
1182 4351 1215 4414 li·
1266 4373 1270 4378 ·

119 4457 199 4511 teras
211 4446 349 4509 Proxeni.
417 4487 421 4492 -
