2967 5017
292 337 351 394 tlt
591 333 785 397 Exortum
806 335 1074 400 coNcrortUM.

279 507 388 583 'ueqm
400 511 501 553 omnes
514 493 600 554 simul
612 493 811 574 magistratus,
825 491 1004 552 sublatarum
1023 490 1131 568 legum,
1148 503 1268 565 quorum
1291 481 1374 542 vobis

290 602 362 644 curs
372 585 526 646 commissa
537 595 594 659 est,
607 587 679 647 satis
692 605 796 665 graves
809 603 914 666 poenas
927 583 998 646 dors
1010 599 1106 662 porse.

796 737 867 798 ΧΗ.

331 851 476 915 Fortassis
488 855 670 928 invidiorum,
683 855 887 924 Athenienses,
901 851 1075 931 quibusdam
1089 866 1155 908 esse
1168 845 1309 906 rideatur.
1343 844 1373 904 Si
1462 841 1463 856 ³

211 957 218 976 ⁸
290 944 356 1024 quis
368 944 455 1005 bomo
469 947 549 1008 rudis
561 958 593 1008 et
605 967 683 1008 unus
695 967 715 1008 o
726 957 823 1008 restro
837 961 968 1016 nurnero,
984 951 1053 1022 post
1073 938 1145 999 alins
1164 953 1311 1007 suctores,
1323 936 1373 1014 qui

289 1047 322 1096 et
330 1036 518 1099 diuturnitate
525 1051 618 1120 gestie
627 1039 697 1101 olim
709 1037 888 1120 Reipublicse
896 1047 926 1098 et
935 1034 1108 1096 auctoritate
1119 1050 1178 1111 qua
1187 1029 1285 1090 valent
1294 1029 1374 1108 apud

290 1147 344 1188 ros
356 1129 515 1203 excellunt,
528 1152 698 1212 progressus
711 1131 799 1204 dicat,
813 1129 904 1190 rideri
917 1127 972 1188 sibi
985 1145 1035 1186 eos
1055 1144 1113 1184 non
1126 1123 1213 1182 rnodo
1223 1140 1284 1180 non
1297 1132 1373 1182 reete

290 1221 396 1293 dicere,
410 1224 462 1283 sed
476 1243 531 1286 nec
543 1245 633 1306 prope
646 1229 750 1286 abesse
763 1245 783 1285 a
795 1234 874 1284 recte
887 1219 1048 1282 sentiendo.
1088 1217 1196 1276 Verum
1214 1233 1271 1292 ego
1284 1231 1373 1292 usque

290 1313 365 1374 adeo
377 1331 424 1378 me
435 1317 517 1376 robis
531 1317 645 1378 utiliora
656 1337 744 1396 quam
757 1318 829 1378 istos
842 1316 987 1375 dicturum
997 1309 1106 1389 opinor,
1116 1318 1150 1367 ut
1161 1325 1220 1366 non
1234 1305 1373 1378 dubitem,

290 1423 327 1465 ee
340 1424 407 1483 qua
419 1406 557 1469 dixerunt
565 1411 664 1470 omnia
675 1409 783 1468 nullius
796 1426 861 1468 esse
875 1404 959 1486 pretii
973 1419 1116 1464 asserere:
1132 1398 1263 1459 existimo
1277 1407 1373 1456 autem

290 1515 344 1556 ros
356 1499 444 1557 etiam
463 1509 542 1560 recte
561 1501 700 1574 lecturos,
713 1500 739 1560 si
758 1517 816 1558 non
839 1497 996 1568 dicentem,
1008 1493 1061 1554 sed
1080 1492 1143 1572 ipss
1164 1488 1297 1561 consilia,
1309 1509 1374 1568 spe·

289 1587 387 1648 ctetis.
426 1590 523 1651 Decet
533 1593 621 1666 enim,
639 1593 841 1664 Athenienses,
854 1599 979 1650 vestram
993 1582 1224 1646 benevolentiam
1238 1601 1300 1640 non
1312 1581 1372 1660 qui-

288 1681 425 1756 busdam,
437 1684 518 1745 relut
538 1685 761 1758 hereditariam,
775 1683 827 1744 sed
850 1683 885 1744 iis
906 1681 957 1762 qui
978 1681 1087 1759 optima
1109 1694 1224 1754 quoque
1245 1684 1372 1755 temporo

290 1772 402 1848 dicunt,
414 1786 546 1854 paratam
559 1797 635 1838 esse.
1462 1773 1463 1776 ’

791 1925 877 1983 Xlll.

330 2039 444 2100 Vellem
454 2060 517 2112 ror,
530 2042 731 2114 Athenienses,
738 2049 849 2102 attente
863 2037 961 2098 audire
975 2057 1011 2098 ee
1023 2057 1089 2117 quoe
1101 2037 1211 2098 dicam:
1232 2055 1289 2096 sec
1299 2037 1369 2096 enim

290 2147 381 2207 porra
388 2151 436 2190 res
450 2132 555 2211 agitur.
583 2133 649 2212 Ego
662 2133 760 2204 miror,
774 2133 823 2213 qui
836 2132 955 2192 tandem
968 2131 1029 2204 fiet,
1038 2141 1071 2189 ut
1084 2129 1253 2210 priusquam
1262 2129 1293 2188 in
1306 2149 1371 2192 con-

290 2222 405 2283 cionem
418 2223 624 2297 adscendatur,
644 2225 808 2305 cuicunque
827 2235 955 2286 vestrum
973 2223 1076 2303 aliquis
1096 2223 1197 2282 obrius
1213 2223 1277 2293 liat,
1288 2223 1313 2283 is
1334 2223 1372 2282 ita

291 2329 424 2395 prompte
437 2318 532 2396 possit
549 2318 656 2390 dicere,
674 2337 734 2395 quo
755 2327 842 2398 pecto
860 2337 906 2377 res
919 2316 979 2376 fieri
992 2315 1106 2395 possint
1127 2315 1269 2398 meliores,
1289 2329 1372 2395 atque
1462 2343 1463 2346 ¹

290 2411 396 2468 iterum
408 2410 517 2478 statim,
532 2410 581 2468 ubi
595 2410 779 2484 discessistis,
790 2411 913 2489 quisque
927 2408 1053 2469 disserat
1064 2407 1135 2487 quid
1145 2407 1192 2487 egi
1207 2409 1370 2468 conveniat:

290 2517 358 2560 cnm
372 2518 440 2560 rero
452 2501 482 2559 in
493 2500 616 2578 publicis
637 2503 829 2562 consentibus
840 2501 898 2562 illis
914 2501 983 2580 ipsis
997 2499 1134 2560 derebus
1154 2499 1372 2560 deliberandum

167 2671 173 2680 .
291 2599 346 2664 est,
359 2610 411 2651 ros
424 2590 480 2652 illis
503 2610 588 2688 aures
608 2595 773 2673 prebeatis,
786 2594 836 2674 qui
858 2593 972 2672 quidvis
988 2593 1085 2673 potius
1105 2590 1217 2665 dicunt,
1230 2611 1321 2670 quam
1341 2611 1374 2653 es

290 2703 358 2762 quas
372 2685 411 2744 ad
432 2685 634 2746 remlaciunti
656 2686 748 2760 Itane,
768 2687 971 2758 Athenienses,
990 2683 1187 2763 unusquisque
1204 2693 1374 2744 verbumst

290 2777 361 2856 quid
374 2777 480 2838 deceat
497 2777 643 2858 intelligit,
655 2789 686 2840 et
706 2780 825 2840 aliorum
847 2781 972 2842 rationes
995 2797 1144 2838 recensere
1164 2787 1271 2857 potest,
1291 2796 1374 2838 nemo

289 2886 359 2931 vero
378 2869 481 2930 iisdem
499 2872 640 2932 faciendis
660 2872 887 2950 gratificabitur?
915 2883 945 2933 et
968 2871 1110 2951 privatim,
1122 2881 1157 2930 ut
1177 2871 1240 2950 ipse
1258 2890 1326 2950 quos
1339 2877 1375 2932 'o-

290 2961 383 3040 ptime
405 2973 475 3023 sunt
489 2964 613 3043 quisque
635 2964 742 3043 cupide
762 2965 891 3024 facturus
917 2963 1058 3034 videatur,
1078 2962 1150 3022 alios
1171 2962 1375 3044 reprebendit3

290 3053 408 3132 publice
426 3067 523 3115 autem
545 3075 582 3115 ea
600 3055 755 3114 decernere
776 3055 901 3125 dubitat,
913 3054 1018 3134 quibus
1032 3052 1218 3114 adducamini
1230 3064 1265 3113 ut
1276 3073 1377 3116 omues

291 3146 391 3206 debita
402 3157 433 3207 et
446 3148 610 3208 necessaria
623 3146 709 3226 Reip.
730 3166 851 3208 munero
863 3146 999 3207 obeatisi
1032 3145 1122 3214 Quod
1145 3147 1170 3205 si
1191 3145 1304 3204 nullum
1323 3164 1377 3205 un·

290 3255 379 3313 quarn
391 3245 506 3316 tempus
528 3237 590 3297 lore
611 3239 731 3317 passus,
744 3239 823 3317 quod
842 3239 927 3298 istam
946 3237 1204 3298 dissimulationem
1224 3237 1377 3298 interrum-

289 3337 352 3407 pet,
365 3346 425 3386 non
438 3329 523 3387 obsto
536 3346 594 3406 quo
607 3329 703 3390 minus
715 3331 839 3392 eandem
858 3331 999 3390 rationem
1013 3329 1154 3390 teneatis:
1177 3329 1221 3390 sin
1234 3329 1301 3409 ipsa
1324 3352 1377 3392 ne-

290 3418 372 3498 gotia
384 3418 476 3498 magis
489 3438 525 3480 ac
538 3420 630 3500 magis
644 3424 891 3502 approprinquare
911 3421 1038 3494 cernitis,
1050 3421 1259 3501 providendum
1270 3433 1325 3495 ert,
1340 3443 1377 3484 ne

291 3510 423 3572 corninus
436 3530 504 3571 curn
521 3510 579 3572 illis
592 3514 631 3573 sit
643 3515 881 3588 conflictandum,
897 3533 964 3593 qum
982 3512 1030 3572 diu
1046 3523 1115 3574 aute
1131 3513 1289 3592 praecsreri
1308 3532 1378 3594 pos-

291 3601 1099 3685 sunt,etii,quinuncarobiscontemnuntur,postmslis
1109 3605 1377 3684 vestrisgaudoant.

794 3769 877 3831 X1V.

332 3887 378 3948 De
399 3896 477 3947 statu
491 3887 680 3967 Reipublicae,
694 3887 899 3960 suentense,
912 3907 1078 3968 quanquam
1092 3889 1117 3948 is
1130 3908 1190 3948 uon
1202 3900 1247 3950 est
1259 3889 1377 3969 qualem

289 3999 355 4040 osse
367 3980 528 4058 oportebat,
540 3999 600 4042 non
612 3979 730 4040 omnirm
741 3979 811 4038 mibi
823 3979 1013 4042 videturesse
1026 3979 1145 4042 difficile
1155 4001 1294 4061 querere,
1306 3981 1377 4062 quid

289 4071 456 4134 iaciendum
467 4082 547 4131 esset
560 4072 602 4132 uti
614 4072 816 4150 corrigeretur.
857 4070 926 4140 Quo
947 4083 1042 4133 autern
1060 4083 1147 4153 pecto
1171 4074 1208 4134 de
1230 4073 1275 4134 bis
1288 4077 1377 4134 rebus

289 4161 369 4240 spnd
382 4181 434 4223 ros
448 4164 488 4224 sit
499 4163 710 4235 disserendum,
723 4163 755 4222 id
775 4162 881 4222 multas
904 4183 1081 4244 magnosque
1103 4165 1209 4228 babere
1232 4177 1305 4246 puto
1319 4166 1377 4226 dil-

288 4252 444 4326 iicultstes,
457 4275 518 4315 non
531 4256 602 4336 quin
614 4275 650 4316 ea
662 4275 729 4335 qum
746 4255 879 4314 dicentur
897 4254 1072 4322 intellecturi
1085 4256 1157 4329 sitis,
1171 4257 1224 4318 sed
1238 4258 1318 4338 quod
1337 4257 1378 4318 ita

289 4344 384 4405 muba
394 4355 426 4404 et
436 4345 514 4408 falsa
524 4357 555 4409 st
567 4347 682 4426 quidvis
694 4347 891 4427 potiusquam
905 4348 993 4410 rebus
1012 4347 1093 4410 utilia
1112 4349 1288 4410 consuelscti
1306 4349 1376 4411 mibi

288 4434 425 4498 videmini
451 4439 564 4509 audire,
588 4449 623 4500 ut
642 4447 782 4514 nouem,
807 4458 843 4500 ne
863 4439 973 4520 optime
990 4459 1066 4504 nunc
1092 4441 1269 4518 consulenti,
1295 4439 1376 4524 quod
