2967 5017
230 305 289 368 ero
311 271 526 368 uuvurtsus
550 296 860 364 uuusruucrruru
883 292 936 352 er
958 280 1246 350 xsuorrruuu.

704 675 708 680 ᾖ
731 589 822 650 usn

234 734 359 820 Auditis,
373 735 390 794 J
395 733 505 808 udices,
524 735 620 813 tegern
638 733 792 814 perspicue
808 729 956 790 dicentem
978 721 1235 801 singulsquorum
1249 710 1332 776 ectio

236 847 294 914 nen
309 827 404 897 detur,
420 826 494 906 iuter
509 847 575 907 quae
589 825 662 886 illud
675 814 764 886 etiem
776 835 830 894 est,
846 807 1039 898 requereritur
1055 833 1090 874 ec
1104 821 1223 878 coetere,
1247 823 1297 884 qu
1307 803 1339 876 i-‚

235 919 307 988 bus
337 919 524 998 derebus
550 913 726 996 aliquem
755 915 919 974 missum
938 905 1337 970 ie'cerisettrense·

237 1011 360 1087 geris,
392 1031 468 1072 non
493 1011 626 1069 licere
659 1004 855 1086 iitigere?
892 1003 969 1061 Cum
998 997 1089 1076 igitur
1111 993 1153 1054 sic
1178 1000 1210 1051 et
1223 1002 1335 1048 ‘eorem

235 1101 334 1161 multis
353 1106 474 1162 testibus
491 1101 651 1162 transactio
671 1099 752 1159 facte
765 1098 813 1169 sit,
832 1106 864 1155 et
881 1103 981 1174 aperte
1000 1107 1056 1148 uos
1076 1086 1124 1146 lex
1138 1080 1334 1151 absolutes

236 1191 424 1270 impudentioe
443 1193 588 1274 progressi
609 1192 656 1251 isti
679 1201 748 1250 sunt
765 1198 796 1248 et
807 1184 951 1257 audacie,
968 1173 1233 1260 utquetuordecim
1246 1168 1335 1230 ennis

237 1295 303 1362 post
316 1303 402 1362 quern
418 1297 530 1364 petrem
554 1303 650 1344 meum
674 1283 795 1342 missum
816 1281 959 1346 fecerent,
972 1273 1087 1333 duobus
1105 1279 1137 1328 et
1149 1262 1252 1344 viginti
1264 1270 1336 1341 post

237 1376 317 1435 litem
331 1389 450 1448 motam,
466 1397 533 1437 curn
552 1387 651 1436 noster
668 1392 775 1454 parens
795 1371 899 1430 eodem
918 1385 978 1444 quo
991 1383 1059 1425 cum
1072 1359 1137 1421 istis
1151 1361 1337 1431 transegerat

239 1487 315 1526 enno
330 1470 368 1528 sit
380 1481 522 1540 mortuus,
537 1480 567 1528 et
588 1476 699 1526 tutores
713 1463 764 1542 qui
785 1473 853 1541 poet
871 1459 951 1519 illius
968 1455 1078 1516 obitum
1094 1459 1194 1510 nosne
1205 1449 1286 1506 bone
1303 1443 1342 1504 irs

221 1579 294 1618 reue
306 1571 450 1638 potestate
469 1561 646 1630 habuerunt,
660 1567 691 1617 et
710 1563 805 1616 meter
825 1555 954 1634 ipsorum
977 1547 1046 1607 'rtem
1064 1540 1168 1626 obierit
1184 1558 1252 1618 quet
1267 1535 1338 1595 brec

240 1652 339 1712 omnia
359 1663 510 1724 nornt‚·et
531 1649 628 1712 arbitri
651 1659 682 1709 et
700 1641 791 1708 testes
812 1644 943 1725 plerique
961 1657 1074 1708 ornnes,
1095 1643 1225 1695 nostrum
1242 1629 1338 1706 impe·

139 1783 142 1792 ·
240 1743 334 1803 ritiem
356 1755 387 1804 et
410 1744 604 1808 necessariam
628 1761 723 1802 rerum
746 1750 881 1800 ecterum
903 1729 1117 1813 ignorationem
1145 1723 1200 1783 sibi
1226 1736 1337 1798 magno

240 1836 367 1894 futurem
401 1836 556 1897 commodo
577 1833 784 1898 existimantes,
804 1827 915 1906 judicie
944 1819 1029 1880 nobis
1051 1818 1115 1875 brec
1138 1812 1284 1881 dicteriut,
1306 1817 1341 1867 et

241 1926 400 1983 cretionem
415 1945 510 2001 neque
519 1925 627 2001 justam
642 1917 737 1996 neq'ue
748 1933 865 1993 requam
879 1911 981 1969 efferre
995 1906 1132 1964 eudeent

281 2018 317 2074 2(
333 2015 445 2074 Dicunt
454 2033 486 2071 se
496 2029 556 2070 uon
571 2009 736 2068 vendidisse
749 2001 953 2084 petrimonium
967 2015 1004 2056 ee
1015 1991 1140 2072 pecunie
1150 2006 1239 2068 quem
1253 2005 1339 2048 ecee·

241 2104 346 2182 perint,
358 2122 454 2180 neque
477 2101 598 2162 cessisse
622 2099 715 2164 bonis,
741 2094 805 2164 sed,
828 2107 1009 2171 quecunque
1031 2084 1085 2144 sibi
1107 2082 1210 2141 relicte
1230 2079 1343 2140 suerint

241 2193 480 2271 debitoremque
494 2204 526 2252 et
546 2191 671 2271 pecunie
684 2189 821 2265 denique,
834 2203 871 2244 ea
888 2201 942 2241 sue
955 2179 1035 2239 deri:
1056 2189 1195 2255 egerere
1214 2191 1262 2231 nre
1275 2186 1340 2231 ¹eu·

243 2285 321 2346 disse
335 2287 462 2358 memini,
477 2283 670 2364 Xenopithem
684 2291 714 2342 et
727 2279 928 2352 Neusicretem
942 2289 1011 2333 sues
1023 2288 1095 2359 opes
1112 2285 1215 2327 omnes
1235 2265 1266 2324 in
1278 2283 1345 2323 esre

243 2379 338 2439 etieno
350 2377 500 2458 reliquisse
514 2388 546 2436 et
557 2374 722 2455 possedisse
736 2371 907 2432 manifestes
918 2379 1058 2445 perquem
1069 2360 1204 2438 exiguos,
1218 2356 1343 2416 reducto

234 2467 344 2542 ,eutem
366 2487 423 2528 rere
443 2470 538 2536 nlieno
562 2479 592 2528 et
609 2465 688 2526 vesis
711 2463 887 2544 quibusdem
906 2455 1044 2525 venditis,
1063 2450 1217 2531 mencipiis
1239 2447 1345 2518 etiemp

244 2559 358 2638 predis
373 2569 405 2618 et
423 2560 503 2620 eder
517 2558 636 2626 merenti
655 2565 723 2616 sunt
739 2564 865 2626 tutores,
876 2569 945 2630 que
958 2547 1005 2608 isti
1025 2551 1207 2624 receperunt.
1248 2538 1342 2607 Quod

247 2650 368 2711 sinuiie
381 2651 483 2711 suisset
496 2651 576 2733 prius
590 2650 646 2709 illis
660 2650 698 2709 de
712 2649 799 2709 rebus
818 2640 1024 2709 controversie,
1037 2654 1133 2715 neque
1147 2634 1232 2694 mete
1247 2631 1343 2693 oduui-

208 2789 211 2799 .
246 2741 425 2804 nistretionis
436 2744 466 2803 in
476 2743 588 2824 judicio
603 2743 797 2819 disceptatum
811 2746 898 2808 esset,
910 2735 967 2794 elie
982 2731 1057 2792 retio
1069 2729 1164 2788 foret:
1183 2735 1340 2805 postquem

247 2851 317 2895 vero
337 2835 384 2894 isti
404 2846 495 2896 totenr
515 2835 637 2896 tutelam
652 2841 828 2894 accusarunt
840 2829 947 2905 dieque
967 2824 1047 2882 dicte
1059 2819 1215 2900 pemrnbm
1233 2833 1343 2894 exege-

248 2925 327 3000 runt,
339 2928 483 2987 eeomnie
496 2938 557 2987 tuns
571 2933 809 2985 trnnssctsrsunt.
839 2920 944 2995 Neque
962 2913 1041 2982 enim
1054 2911 1102 2969 isti
1111 2909 1224 2969 seilicet
1236 2907 1274 2973 de
1288 2923 1342 2965 no·r

248 3011 450 3086 minetutel'ss
469 3029 531 3078 tum
552 3016 689 3094 egebunt,
702 3013 755 3071 sed
774 3011 812 3069 de
832 3007 968 3086 pecorum
982 3021 1079 3080 neque
1095 3001 1139 3059 uti
1159 3017 1265 3058 nornen
1283 2997 1342 3058 hoc

179 3159 184 3173 .
249 3112 386 3169 erueberit
398 3109 534 3187 pecunie,
547 3123 635 3182 quern
644 3139 645 3144 κ
655 3101 858 3168 numerabunt,
871 3097 925 3155 sed
937 3095 1057 3154 crimine
1068 3090 1259 3158 redimebent.
1295 3089 1342 3149 Ac

250 3199 333 3257 nuile
346 3197 464 3276 quidem
481 3198 542 3255 istis
560 3201 621 3270 ejus
642 3194 707 3252 roris
727 3191 823 3257 elicui,
839 3187 919 3267 quod
940 3195 1008 3245 e'nte
1020 3183 1246 3259 transactionem
1259 3179 1343 3240 rede·

250 3285 334 3366 ger'et
344 3302 426 3368 peter
436 3300 488 3350 eut
500 3291 563 3368 ejus
575 3289 702 3366 denique
715 3283 848 3365 pecunius
861 3298 948 3360 quens
962 3297 980 3337 e
993 3277 1086 3336 tutelo
1099 3287 1264 3353 acceperet,
1278 3273 1342 3332 deri

250 3373 338 3440 uicere
356 3391 459 3441 contre
474 3400 528 3440 uos
548 3379 692 3440 rectionem
712 3395 745 3436 re
767 3383 924 3440 transacto,
939 3389 976 3430 ex
987 3370 1057 3448 ipsis
1077 3369 1190 3446 tegibus
1202 3376 1234 3425 et
1248 3378 1343 3426 truns-

252 3471 366 3532 ectione
381 3474 452 3532 setis
465 3491 517 3532 vos
531 3488 631 3531 ornnes
653 3468 825 3548 cognovisse
842 3464 973 3523 erbitror.
1014 3460 1082 3520 deur
1101 3477 1165 3518 nors
1173 3475 1263 3536 posse
1281 3458 1343 3518 deri

251 3568 290 3622 ut'
298 3581 334 3623 ee
346 3553 474 3643 pecunie
483 3563 623 3642 deinceps
636 3569 756 3640 recepte
771 3557 906 3616 sit-hoc
925 3553 1004 3612 enirn
1026 3551 1075 3609 isti
1089 3551 1216 3627 tingunt,
1229 3549 1345 3629 decipi-

253 3654 322 3713 endi
336 3656 478 3734 gratim
493 3654 522 3714 id
536 3654 698 3714 ostendero.
1153 3666 1159 3676 ·
1296 3678 1300 3684 ·
1343 3673 1347 3684 ·

294 3745 322 3805 3'.
344 3745 461 3806 Putrem
481 3746 556 3806 enirn
576 3765 613 3804 ne
626 3741 771 3803 criminari
784 3738 901 3818 quidem
914 3737 1014 3797 eusint
1024 3755 1090 3796 eem
1103 3733 1267 3814 accepisse‚·
1276 3749 1347 3794 nem

254 3838 347 3899 tribus
362 3849 520 3918 quatuorve
534 3835 682 3896 mensibus
696 3841 872 3913 postquem
883 3847 951 3891 curu
970 3829 1034 3887 istis
1052 3837 1234 3904 uenregerst
1251 3827 1341 3888 obiit:

255 3933 352 4009 neque
366 3950 434 3990 vero
445 3931 634 3988 Demeretum
648 3925 780 3986 relictum
791 3923 877 3982 nobis
890 3928 1017 3981 tutorem
1030 3918 1162 3996 occipere
1173 3918 1344 3996 potuisse-

257 4039 324 4078 uem
338 4023 457 4098 ethurrc
470 4022 499 4080 in
513 4019 697 4079 accusatione
710 4025 919 4096 posuerunt-,
931 4013 960 4072 id
974 4000 1092 4090 quoque
1103 4011 1266 4070 ostendero.
1297 4015 1346 4072 Ac

257 4111 373 4169 maximi
392 4114 509 4190 quidem
526 4111 611 4170 nobis
625 4109 655 4168 bi
674 4109 730 4187 ipsi
746 4118 837 4168 testes
857 4116 937 4165 sunt.
978 4103 1222 4182 Nusquensenim
1236 4099 1291 4162 eos
1306 4103 1348 4162 vi·

259 4203 335 4260 renti
349 4204 507 4264 Demereto
519 4204 643 4264 movisse
660 4201 738 4260 litem
754 4199 921 4277 epperebit:
943 4195 997 4256 sed
1010 4188 1120 4264 temen,
1135 4195 1160 4253 si
1174 4195 1239 4274 qnis
1250 4196 1344 4273 ipsum

183 4341 188 4348 .
257 4293 348 4352 ettam
359 4301 545 4372 reruspsotst
557 4306 592 4354 et
607 4292 786 4358 consideret,
801 4288 912 4347 ridebit
923 4287 1005 4345 illurn
1018 4305 1084 4346 cem
1098 4305 1157 4346 non
1179 4285 1269 4346 modo
1288 4303 1348 4348 neu

257 4385 417 4464 accepisse,
437 4384 490 4444 sed
513 4405 568 4446 nec
588 4385 720 4464 accipere
736 4376 880 4462 potuisse.
923 4379 1085 4439 Nemeum
1105 4379 1199 4458 ipsum
1216 4378 1348 4447 debiturn
