2967 5017
258 326 318 385 'tto
589 316 769 381 AEON'I'RA
790 312 1010 375 COHONEM.

256 479 354 542 tando
366 489 398 539 et
415 473 626 537 contumeliose
646 470 834 544 vexandofut
853 464 1186 536 labromdircindc'rent,
1198 470 1229 522 ct
1246 460 1353 521 cordua

254 572 461 644 -occloderent,
475 576 507 629 et
529 578 589 628 tom
608 566 689 627 mole·
701 563 839 626 cffcomm
852 562 1056 642 relinquerent,
1068 568 1103 619 ut
1120 572 1214 635 neque
1229 570 1353 633 turgere
1471 627 1472 644 ἵ

263 662 451 744 nequaloqol
462 678 584 741 poenum.
625 658 734 719 Jacena
748 667 847 717 autern
859 654 951 714 multa
963 672 1001 712 ex
1017 652 1060 711 eia
1079 658 1110 709 et
1124 648 1230 708 acerbo
1246 646 1352 705 auum-

257 758 340 819 orm
376 754 426 815 Ao
436 764 544 814 cetera
553 749 671 831 quidem
685 747 817 809 convicia
829 756 908 818 aunt,
921 763 1045 827 quorum
1058 738 1194 821 quaedum
1207 736 1353 818 apudvoo

258 849 411 911 nominare
432 845 652 905 erubescerem:
667 842 753 920 quod
772 859 842 901 vero
861 836 1025 899 inaolcntica
1040 831 1169 895 Cononio
1185 830 1303 911 rignum
1319 838 1355 889 et

261 948 433 1020 argomento
446 947 501 1007 ert,
516 936 605 997 ductu
630 936 693 1015 ejur
715 943 749 994 et
768 932 903 1013 auspicii·
921 931 1001 991 facta
1017 946 1085 988 erre
1103 924 1211 993 omnia,
1223 921 1353 983 idrobir

261 1034 367 1095 dicam.
409 1031 556 1091 Cantabat
573 1028 661 1100 enim,
684 1026 779 1107 gallor
791 1026 915 1087 victores
926 1023 1062 1083 imitcna:
1083 1019 1132 1080 alli
1149 1027 1247 1078 uotum
1263 1016 1352 1095 jube-

261 1128 334 1187 bant
356 1142 424 1183 curn
438 1122 548 1183 clarum
565 1120 628 1181 vice
649 1119 742 1181 latero
763 1118 868 1179 cubitia
888 1116 1038 1198 plangere.
1078 1112 1153 1172 Post
1171 1110 1236 1169 lrmc
1255 1126 1315 1188 ego
1332 1126 1354 1166 a

262 1216 502 1299 pretereuntibus
516 1214 630 1275 ablator
645 1232 710 1274 aum
723 1212 838 1273 nudus:
859 1210 908 1270 lati
922 1209 1065 1278 abierunt,
1077 1215 1160 1267 vecte
1174 1222 1240 1264 meo
1255 1211 1352 1280 rupto.

266 1314 307 1373 Ut
324 1322 419 1373 cutem
438 1310 477 1371 ad
495 1310 572 1371 lorea
590 1308 666 1381 veni,
680 1307 792 1368 clamor
809 1316 841 1368 ct
859 1306 998 1385 strepitur
1010 1301 1110 1363 mutrir
1134 1310 1165 1360 at
1182 1297 1355 1359 ancillarum

264 1415 343 1465 ortua
357 1415 418 1463 eat:
438 1402 517 1463 unde
531 1421 577 1461 me
590 1400 620 1461 in
635 1400 772 1461 balneum
784 1419 862 1477 ingre
880 1397 1023 1478 perlatum
1037 1406 1068 1456 ct
1080 1394 1211 1455 ablutum
1230 1388 1354 1451 medluio

259 1498 465 1561 ostenderunt.
507 1494 581 1555 Herc
593 1493 637 1554 uti
646 1511 719 1553 ¹vcra
730 1511 793 1555 erae
807 1500 932 1565 constet,
941 1500 1032 1551 torte·
1044 1487 1127 1548 vobio
1139 1484 1312 1566 producam.

728 1746 887 1810 TESTES.

267 1894 381 1965 Accidit
398 1903 506 1963 nutem,
520 1892 538 1951 J
542 1892 652 1962 udices,
675 1901 708 1950 ut
726 1901 757 1949 et
775 1888 937 1947 Euxitheua
954 1884 1003 1945 bio
1014 1884 1174 1956 chollidea
1188 1882 1271 1942 nobie
1285 1900 1357 1961 cog·

267 1999 363 2059 natue,
377 1996 408 2046 et
424 1986 531 2043 Midias
546 1982 681 2043 alicunde
700 2002 718 2041 a
735 2000 820 2041 coena
842 1999 909 2038 crun
930 1979 981 2037 illo
1002 1978 1126 2051 rediens,
1145 1974 1214 2036 mdri
1239 1976 1354 2035 obviam
1471 1988 1473 2036 Ι

265 2080 346 2148 facti,
360 2082 425 2135 cuu'r
436 2079 497 2153 jam
509 2094 597 2155 prope
611 2073 688 2133 redeo
702 2091 832 2132 ceremur
845 2084 876 2130 et
887 2072 917 2130 iu
936 2070 1073 2130 balneum
1085 2070 1185 2140 ferrar,
1199 2086 1356 2147 requeren-

266 2182 323 2243 tor,
334 2178 365 2229 et
376 2167 520 2227 medicum
534 2166 749 2227 adducentibus
758 2164 914 2225 adessent:
929 2182 1007 2224 cram
1020 2174 1117 2223 autem
1128 2162 1201 2222 adeo
1212 2160 1354 2230 infirmor,
1471 2179 1473 2216 ι

265 2272 309 2333 ut,
322 2280 359 2319 ne
377 2258 479 2340 procul
496 2257 634 2319 abalneo
652 2258 772 2317 domum
792 2256 931 2327 auferret,
944 2256 979 2315 iis
999 2256 1047 2333 qui
1071 2255 1192 2316 aderant
1210 2255 1357 2315 videretur

264 2374 313 2413 me
335 2352 372 2413 ad
397 2352 521 2411 lllidiam
534 2349 585 2409 illa
602 2361 686 2410 nocte
700 2370 765 2410 esee
784 2347 955 2414 ferandum
977 2348 1074 2426 itaque
1092 2348 1232 2408 lecerunt
1274 2346 1356 2425 Cape
1471 2353 1472 2414 ζ

267 2448 354 2523 igitur
368 2454 397 2503 et
411 2442 512 2501 horum
526 2441 698 2512 testimonio,
712 2452 746 2502 ut
757 2434 881 2500 videatis
895 2438 1003 2499 multoc
1014 2458 1078 2499 aare
1091 2440 1237 2513 conscios,
1250 2439 1356 2518 quibua

266 2536 376 2615 injuriis
390 2535 426 2595 ab
440 2534 504 2595 irtio
518 2534 571 2595 aim
582 2534 715 2594 affector.

677 2763 945 2825 TESTIMONIA.

269 2934 351 3015 Cape
364 2945 394 2995 ct
407 2932 510 2995 medici
523 2932 729 2995 testimonium.

661 3134 964 3196 TESTIMONlUM.

311 3294 339 3348 42
360 3290 444 3348 Tunc
462 3289 548 3368 igitur
562 3290 658 3349 statim
674 3288 780 3369 plagae,
797 3310 871 3369 quac
890 3309 1069 3370 acceperam,
1090 3300 1121 3350 et
1133 3288 1312 3352 contumelia
1324 3312 1361 3353 eo

271 3402 316 3443 me
332 3381 516 3461 redegerunt,
532 3382 778 3463 quemadmodum
795 3382 901 3459 auditis
917 3394 946 3443 et
961 3402 1063 3443 omnea
1082 3382 1101 3442 ii
1124 3385 1174 3461 qui
1194 3403 1241 3445 mc
1261 3382 1361 3444 statim

272 3474 403 3535 viderant
416 3476 561 3536 testificati
575 3488 653 3536 sunt.
694 3476 768 3537 Post
786 3487 882 3537 autam
902 3476 940 3538 de
962 3478 1111 3538 tuberibus
1125 3487 1156 3538 et
1173 3460 1319 3538 ulceribus
1333 3478 1362 3537 in

270 3570 344 3631 l'acle
358 3589 390 3629 se
404 3588 462 3627 non
483 3568 558 3629 adeo
579 3568 724 3630 solicitum
744 3589 811 3630 ease
828 3570 947 3631 dicebat
965 3570 1116 3631 medicus:
1146 3570 1242 3630 febres
1264 3580 1362 3630 autam

269 3683 317 3753 rne
330 3661 477 3723 continua
492 3664 696 3741 sequebantur,
710 3673 742 3723 ct
762 3663 906 3723 cruciator
927 3665 1014 3723 totius
1031 3663 1160 3744 corporis
1178 3681 1320 3741 perquam
1333 3673 1366 3721 et

269 3754 458 3817 vehementes
482 3764 513 3815 at
535 3766 660 3827 atrocen,
672 3754 703 3813 in
725 3755 825 3835 primia
846 3755 1052 3816 verolaterum
1072 3767 1160 3835 utque
1182 3753 1231 3814 imi
1245 3754 1365 3822 ventrio.

271 3868 365 3928 neque
378 3848 475 3907 cibum
488 3866 592 3927 capere
605 3857 747 3928 poteram.
788 3847 827 3908 Et
848 3857 882 3909 ut
901 3846 1033 3909 medicor
1053 3848 1171 3928 quidem
1191 3846 1365 3917 affirmabat,

271 3940 327 3999 nisi
350 3938 430 4015 mihi,
443 3938 592 4001 doloribus
612 3938 723 4000 afflicto
741 3949 773 3999 et
786 3940 848 4019 jam
871 3939 1035 4020 desperato,
1058 3941 1191 4021 purgatio
1212 3938 1366 4017 sanguinio

271 4032 348 4093 ultro
360 4032 718 4113 copiosasuperveolsset,
733 4051 779 4093 me
793 4032 942 4094 saniorum
955 4032 1065 4092 luctum
1080 4033 1171 4092 luisse
1182 4032 1366 4112 pariturum:

271 4142 350 4183 nuno
371 4125 396 4185 is
420 4126 539 4205 sanguis
559 4144 675 4185 recessu
698 4124 769 4183 mihi
792 4145 846 4184 auo
869 4124 956 4185 saluti
974 4126 1039 4185 luit.
1077 4121 1250 4207 Haecigitor
1264 4144 1333 4184 vere
1347 4143 1367 4184 a
1410 4136 1424 4163 ⁸

272 4214 439 4289 mc'dioi,et
449 4217 536 4277 tnlern
551 4219 683 4277 morbum
704 4217 773 4277 mihi
788 4218 951 4288 subortum,
971 4218 1021 4296 qui
1034 4237 1081 4277 me
1096 4217 1125 4277 in
1139 4229 1300 4278 extremum
1313 4237 1366 4298 pc·

269 4306 392 4366 'ticulum
406 4310 539 4389 conjecit,
554 4330 592 4369 ex
606 4309 641 4369 iis
654 4328 728 4389 quas
742 4312 779 4371 ab
796 4311 854 4370 lato
874 4328 1045 4388 acceperam
1064 4310 1170 4390 plagia,
1185 4310 1228 4373 uti
1240 4318 1367 4399 constet,

271 4398 376 4493 medici
390 4401 585 4462 testimonium
602 4412 745 4463 eteorum
759 4402 808 4481 qui
822 4422 868 4463 mc
882 4401 1013 4462 vicerunt
1025 4404 1136 4469 recila„
