2967 5017
466 345 511 407 ιιι
532 344 870 410 crasianomram.
1031 298 1035 303 ’
1180 339 1222 414 ts

122 493 217 552 tiore:
235 491 371 572 prohibet
387 492 465 550 enirn
487 492 644 571 quominus
658 492 697 551 sd
718 505 890 552 consessum
911 491 993 551 illum
1015 489 1150 573 Pylaem
1167 493 1219 555 002·-

122 595 252 655 curram,
265 585 317 663 qai
330 586 494 645 necessario
506 597 577 645 ante
589 585 786 665 praestitutum
800 595 916 664 tempus
929 595 993 644 erat
1004 586 1132 646 futurus.
1147 582 1223 649 Sed

121 677 204 735 aliud
216 677 244 735 ei
253 677 330 736 scito
342 677 522 755 adscriptum
535 689 582 736 est
593 675 687 742 multo
706 687 737 736 et
759 677 887 756 apertius
901 687 931 736 et
944 678 1087 738 acerbius.
1110 679 1222 740 Athe·
1297 750 1301 759 .

122 769 326 831 niensium
365 769 462 847 iuquit
494 769 794 829 hieromnemon
830 781 869 828 et
906 769 1124 848 Pylagorae‚
1152 771 1220 850 qui

121 861 294 940 posthac
312 862 444 920 futuri
463 873 565 931 sunt,
589 881 673 920 cnm
691 861 741 919 iis
762 862 829 938 qui
854 861 955 920 illuc
974 863 1221 924 conveniant

121 971 246 1030 neque
272 952 477 1013 vverborum
503 972 629 1031 neque
655 952 853 1010 factorum
880 971 1012 1030 neque
1035 957 1221 1014 scitorum

123 1063 249 1123 neque
282 1046 405 1104 ullius
432 1045 490 1104 rei
529 1045 709 1104 habeant
746 1045 1035 1102 commercium.
1070 1047 1220 1111 Quorsum

123 1145 220 1195 autem
232 1137 307 1196 illud
319 1149 364 1196 est
377 1156 416 1197 ne
429 1137 560 1196 habeant
578 1133 806 1194 commercium?
834 1135 981 1194 Verumne
1001 1135 1108 1206 dicam,
1131 1156 1169 1195 an
1189 1138 1220 1196 id

121 1227 202 1304 quod
229 1228 269 1287 sit
288 1228 389 1288 auditu
410 1225 687 1304 jucundissimuml·
710 1225 820 1284 Verum
847 1226 963 1294 dicams
991 1217 1066 1286 nam¹
1080 1228 1160 1306 quod
1179 1229 1221 1291 ite

120 1337 235 1396 semper
248 1319 288 1378 ad
301 1321 481 1397 voluptatem
495 1318 607 1376 dictum
625 1316 691 1388 tuit,
704 1317 735 1376 id
756 1336 824 1376 vero
846 1317 991 1378 civitatem
1008 1329 1136 1379 nostram
1161 1319 1220 1381 huc

121 1410 246 1486 redegit.
274 1409 344 1468 Non
357 1409 427 1468 sinit
439 1427 492 1467 ros
503 1409 689 1485 jurisjurandi
703 1409 880 1482 meminisse,
893 1409 975 1486 quod
993 1410 1118 1488 majores
1133 1413 1220 1472 vestri

117 1502 301 1579 juravemnt,
315 1521 375 1559 non
388 1502 606 1573 exsecrationis,
621 1521 681 1560 non
696 1501 820 1561 oraculi.

161 1593 214 1651 41.
235 1592 300 1652 Nos
313 1592 411 1671 igitur,
433 1590 641 1665 Athenienses,
653 1603 774 1672 propter
794 1594 852 1653 hoc
869 1593 1054 1672 plebiscitum
1068 1594 1116 1654 hic
1135 1613 1220 1655 man*

122 1684 225 1755 simas,
236 1693 269 1742 at
287 1703 356 1742 vero
370 1683 474 1764 reliqui
496 1684 728 1763 Amphictyones
742 1684 782 1744 ad
795 1685 886 1762 Pylas
901 1696 1101 1746 convenerunt
1113 1697 1221 1764 praeter

122 1794 213 1834 unam
224 1774 383 1846 civitatem,
402 1779 486 1849 cujus
496 1775 556 1854 'ego
569 1794 666 1852 neque
678 1794 786 1834 nomen
805 1775 963 1853 proferam,
978 1787 1009 1834 et
1022 1778 1098 1837 absit
1116 1797 1221 1856 precor

120 1877 155 1927 nt
168 1865 340 1926 Grmcorum
353 1867 490 1944 cuiquam
503 1866 607 1926 similis
620 1865 739 1926 aecidat
752 1866 911 1926 calamitas.
933 1869 1035 1946 ibique
1048 1873 1221 1949 congregati

121 1958 281 2018 exercitum
299 1961 331 2019 in
344 1959 572 2038 Amphiss'enses
585 1959 753 2032 ducendum
767 1970 955 2030 censuerunt,
970 1971 1002 2019 et
1013 1961 1218 2040 imperatorem

120 2050 258 2129 legerunt
269 2051 450 2132 Cettyphnm
462 2052 544 2111 illum
559 2050 751 2124 Pharsaliam,
764 2053 815 2131 qui
827 2061 890 2112 tum
901 2053 1060 2128 sententias
1072 2053 1219 2134 suffragiis

121 2143 306 2222 subjiciebat,
319 2164 378 2222 qno
398 2155 528 2223 ternpore
545 2162 607 2202 non
626 2146 739 2204 eratin
763 2143 940 2203 Macedonia
960 2145 1125 2224 Philippus,
1144 2148 1218 2224 qain
1278 2177 1284 2182 ·

120 2244 159 2296 ue
171 2236 203 2294 in
217 2234 337 2296 Graecia
348 2236 477 2314 quidem,
491 2236 588 2296 sedin
602 2236 722 2316 Scythia
734 2239 905 2296 versabatur
918 2237 993 2296 adeo
1008 2236 1095 2315 longe
1109 2239 1217 2302 abhinc

120 2337 260 2399 remotus,
273 2347 362 2405 quem
375 2338 475 2386 tamen
488 2347 556 2386 mox
568 2328 690 2388 audebit
698 2328 796 2388 dicere
809 2329 1024 2388 Demosthenes
1033 2329 1219 2408 impudenter

121 2437 206 2478 arne
224 2437 293 2476 ease
312 2419 343 2484 iu
356 2417 481 2478 Graecos
503 2417 676 2480 immissum.
711 2421 759 2479 Ac
782 2420 874 2498 prima
896 2419 1014 2498 quidem
1032 2421 1218 2498 expeditione

118 2509 245 2569 victores
267 2508 355 2568 valde
377 2527 410 2566 se
430 2508 599 2567 moderatos
621 2511 653 2567 in
673 2511 900 2587 Amphisseuses
923 2513 1120 2590 praebuerunt.
1160 2513 1218 2574 Pro

120 2599 310 2660 atrocissimis
337 2599 414 2658 enim
436 2599 547 2677 injuriis
570 2601 703 2676 pecuniis
724 2610 840 2660 tuntum
860 2621 912 2660 eos
933 2605 1122 2676 mulctarunt,
1143 2625 1225 2684 quas·

117 2692 282 2772 prestituto
294 2701 425 2768 tempora
439 2690 496 2748 deo
511 2689 637 2767 persolvi
647 2689 853 2762 decreverunt,
865 2701 896 2748 et
908 2693 1067 2751 sceleratos
1081 2697 1218 2755 commis·

118 2801 280 2862 sommqtre
292 2783 452 2842 facinorum
463 2791 599 2841 auctores
610 2785 783 2860 abegerant,
797 2801 849 2842 eos
860 2802 929 2842 vero
937 2784 991 2860 qui
1000 2785 1116 2862 pietatis
1125 2787 1219 2848 cause

117 2878 311 2957 profugerant
323 2883 506 2935 revocarunt.
534 2874 595 2932 Sed
607 2893 675 2932 cnm
688 2874 732 2933 illi
746 2894 842 2953 neque
855 2875 1011 2954 pecuniam
1025 2875 1083 2935 deo
1103 2880 1216 2957 persol-

116 2979 231 3040 verent,
245 2969 403 3028 sceleratos
416 2977 513 3027 summ
527 2967 722 3038 restituerent,
735 2979 766 3026 et
780 2967 843 3046 pios
857 2967 922 3026 illos
942 2968 1072 3028 homines
1094 2972 1131 3030 ab
1144 2972 1216 3032 Ama
1344 3017 1348 3024 .

118 3062 326 3141 phictyonibus
337 3069 490 3120 revocatos
503 3059 652 3133 ejicerent,
661 3060 799 3138 jamtum
815 3060 935 3118 alteram
947 3061 978 3118 in
992 3059 1216 3140 Amphissenies

119 3154 213 3214 aciem
224 3155 431 3222 instruxemnt,
445 3171 512 3211 cnm
526 3151 617 3228 longo
635 3160 704 3229 post
724 3152 876 3212 intervallo
889 3153 929 3211 ab
941 3153 1127 3232 expeditione
1136 3155 1216 3236 'Scy-

118 3246 201 3306 thica
213 3246 414 3324 regrederetur
437 3243 601 3322 Philippus,
614 3263 742 3322 cumque
762 3236 957 3304 defendendae
975 3245 1122 3325 religionis
1135 3249 1217 3327 priu-

119 3339 249 3418 cipatum
261 3340 302 3396 dii
321 3338 498 3398 immortales
507 3336 602 3396 nobis
616 3336 803 3410 detulissent,
824 3327 1033 3400 Demosthenis
1047 3341 1175 3402 avaritia,
1186 3353 1218 3404 et

27 3425 31 3430 ’
120 3430 225 3490 sordes
239 3428 429 3490 obstitissent.

119 3556 123 3564 ι
160 3524 211 3580 42.
232 3523 274 3579 At
287 3541 346 3580 nou
360 3522 568 3600 predicabant,
582 3538 641 3579 non
653 3525 919 3599 praemonstrabant
932 3523 1015 3582 nobis
1030 3522 1069 3581 dii
1083 3533 1118 3582 ut
1130 3543 1217 3584 care·

118 3634 230 3685 murus,
240 3624 356 3674 tantum
369 3635 430 3675 non
443 3614 579 3674 humanis
593 3615 717 3673 vocibus
729 3615 902 3694 eloquentes
913 3614 925 3672 l
955 3613 1073 3674 Nullam
1088 3633 1217 3694 unquam

118 3725 178 3786 ego
191 3707 338 3767 civitatem
351 3707 412 3767 ridi
435 3708 556 3766 deorum
577 3706 714 3784 praesidio
735 3706 881 3796 insignius
895 3707 1097 3781 custodiri,ab
1116 3717 1215 3768 orato·
1333 3724 1339 3735 ·

118 3799 199 3857 ribus
223 3819 320 3882 rursus
342 3786 518 3877 qubusdam
533 3798 719 3880 pessundari.
757 3798 825 3858 Non
839 3799 910 3858 satis
925 3799 962 3858 ad
976 3799 1216 3879 praemonendum

119 3891 236 3950 valebat
257 3900 423 3970 portentum
437 3890 509 3966 illud
533 3892 735 3972 mysteriorum
750 3889 854 3951 diebus
868 3891 972 3962 visum,
993 3902 1155 3972 mystarum
1172 3893 1217 3952 in·
1243 3933 1250 3948 ,
1293 3907 1296 3913 ·

118 3982 244 4043 teritus?
265 3983 334 4042 Non
356 3985 394 4043 ob
412 3984 479 4043 hac
508 3985 692 4065 Amyniades
718 3983 895 4063 predixerat
919 3992 953 4043 ut
978 4003 1158 4058 caveremus,
1182 3995 1217 4045 ut

119 4083 217 4134 certos
229 4073 363 4133 homines
377 4074 510 4154 Delphos
523 4078 713 4145 mitteremus,
727 4076 777 4152 qui
792 4075 862 4154 qnid
875 4075 956 4135 facto
969 4095 1043 4154 opus
1059 4086 1139 4136 esset
1151 4096 1216 4137 ora·
1229 4117 1234 4124 -

119 4167 218 4226 culum
241 4167 433 4226 saltarentur:
455 4167 671 4227 Demosthenes
693 4185 761 4227 vero
775 4169 897 4238 obstitit,
920 4185 988 4227 cnm
1010 4167 1146 4247 Pythiam
1170 4183 1215 4250 pr-

120 4260 261 4326 λιππίζειν
284 4259 469 4338 predicaret,
493 4259 536 4318 vir
554 4258 701 4319 illiberalis
722 4269 753 4318 et
771 4259 828 4320 hac
848 4279 936 4339 qnam
958 4252 984 4318 e'i
1004 4259 1080 4320 datis
1098 4260 1216 4322 licentia

116 4351 276 4411 insolenter
287 4354 440 4431 perfruens
453 4362 485 4412 et
496 4351 637 4412 inflatus?
658 4349 811 4412 Postremo
821 4353 1030 4413 rronnehostiis
1041 4345 1210 4426 nonlitatis,

116 4461 176 4504 non
189 4439 417 4517 addicentibus,
432 4445 536 4504 milites
561 4446 600 4504 ad
622 4444 810 4538 manifestum
833 4447 915 4504 misit
937 4446 1004 4506 vitm
1029 4443 1213 4525 periculaml
