2967 5017
197 419 203 428 Ι
263 345 328 404 ιιι,
607 339 654 404 ιιι
675 341 1016 406 οιιιιιιιιοιιιιιιι.

301 503 350 558 82.
373 499 443 560 Jam
454 499 548 560 falsas
561 498 703 579 epistolas
715 483 919 579 preamium,
933 495 1149 577 speculatorum
1163 489 1367 569 comprehen-

259 593 367 664 siones,
387 600 534 651 tormenta
546 591 677 651 adbibita
688 593 727 651 ob
740 593 863 651 crimina
879 605 1030 670 nunquam
1049 584 1187 653 admissa,
1201 583 1287 660 quasi
1301 599 1365 659 ego

259 703 326 743 cum
349 684 525 762 quibusdam
547 683 711 747 hominibus
724 684 755 743 in
768 683 884 744 civitate
898 684 984 743 rebus
997 679 1079 739 novis
1099 676 1260 736 studerem.
1300 673 1362 731 At-

260 777 349 846 enim,
362 787 398 835 ut
411 776 508 847 audio,
521 795 558 834 cx
570 795 617 851 me
630 795 717 855 porro
732 776 909 856 quaesiturus
924 767 978 846 est,
992 770 1085 850 qualis
1099 768 1148 827 ille
1158 767 1294 827 medicus
1305 765 1363 826 lia-

259 867 375 927 bendus
387 867 436 940 sit,
449 868 501 945 qui
519 887 601 946 sagro
614 868 726 929 interea
738 870 809 929 dum
823 871 947 947 aegrotet
966 865 1038 925 nihil
1057 863 1109 922 det
1129 860 1254 930 consilii,
1276 869 1364 938 post-

251 977 347 1036 ·quam
359 976 430 1018 vero
444 959 559 1032 obierit,
573 960 612 1020 ad
625 960 742 1020 inferias
764 959 908 1020 accedens
922 957 1027 1019 mortui
1045 950 1216 1014 necessariis
1229 970 1266 1010 ea
1279 969 1365 1010 com-

259 1042 410 1123 memoret,
421 1071 488 1130 quse
500 1053 527 1110 si
538 1073 611 1130 cger
622 1056 809 1113 observasset
822 1051 1030 1112 convaluisset.
1052 1047 1097 1106 Te
1106 1046 1204 1124 ipsum
1213 1061 1284 1104 vero
1300 1061 1362 1102 non

259 1155 364 1203 conma
374 1163 472 1222 rogas,
490 1144 584 1221 qualis
598 1144 647 1205 ille
665 1145 834 1223 reipublice
849 1137 1127 1208 administratorem,
1143 1138 1194 1215 qui
1217 1134 1361 1213 populum

259 1235 410 1294 blanditiis
420 1236 541 1295 delinire
551 1235 642 1304 eciat3
667 1246 810 1315 tempora,
821 1237 927 1316 quibus
941 1231 1359 1306 civitascouservaripnterat,

259 1325 442 1393 vendiderim
463 1326 541 1384 cives
562 1327 614 1384 rite
628 1328 791 1386 sentientes
805 1327 1013 1384 calsrmniando
1027 1344 1065 1382 ne
1078 1322 1202 1381 consilia
1222 1339 1360 1379 commu·
1468 1359 1469 1364 κ

258 1419 359 1478 nicent
377 1417 541 1484 deterrente
560 1416 620 1494 qui,
634 1434 703 1474 cum
715 1413 853 1492 periculis
867 1413 968 1491 timide
988 1432 1021 1472 se
1039 1411 1215 1473 subtraxerit
1237 1431 1360 1490 remque

260 1509 411 1590 publicam
425 1508 634 1574 insanabilibus
646 1506 786 1566 aerumnis
800 1505 965 1583 implicarit,
981 1525 1014 1566 ee
1027 1504 1142 1566 virtutis
1163 1523 1236 1583 ergo
1246 1523 1361 1564 corona

259 1595 431 1663 donandum
445 1620 513 1660 esse
526 1600 697 1672 contendat,
710 1617 778 1659 cnm
793 1599 863 1658 nihil
878 1619 1008 1679 unquam
1021 1599 1090 1659 boni
1103 1597 1212 1668 lecerit,
1227 1599 1362 1657 omnium

261 1714 331 1754 vero
352 1693 552 1753 calamitatum
571 1704 674 1755 auctor
689 1713 766 1752 unus
780 1693 936 1762 exstiterit;
958 1691 1007 1770 qui
1024 1709 1103 1751 nuno
1123 1709 1175 1752 eos
1197 1691 1367 1770 interroget

260 1788 310 1865 qui
323 1785 379 1845 illis
391 1787 584 1864 temporibus,
601 1786 708 1864 quibus
729 1785 831 1846 civitas
853 1784 962 1844 servari
979 1792 1105 1863 poterat,
1119 1803 1139 1842 a
1151 1802 1214 1862 rep.
1233 1782 1361 1842 admini-

261 1877 383 1937 etranda
394 1877 547 1937 calumniis
561 1877 678 1957 depulsi
691 1887 771 1948 sunt,
786 1897 839 1936 cur
851 1876 906 1937 sibi
919 1895 979 1956 quo
993 1875 1089 1934 minus
1103 1873 1287 1953 delinqueret
1298 1895 1360 1934 non

260 1969 447 2030 obstiterint?
470 1969 518 2030 Illi
540 1970 659 2048 quidem
682 1990 763 2030 nunc
785 1967 912 2046 denique
932 1967 985 2027 tibi
1003 1968 1046 2027 ita
1059 1967 1268 2046 respondeant,
1289 1986 1360 2026 cnm

259 2062 394 2142 paralium
407 2063 634 2141 supervenisset,
647 2063 740 2122 otium
753 2061 837 2120 nobis
851 2079 912 2119 non
926 2069 990 2119 erat
1001 2059 1040 2118 de
1050 2069 1102 2130 tuo
1120 2058 1263 2139 supplicio
1277 2060 1363 2138 cogi·

259 2153 354 2224 tandi,
368 2153 422 2212 sed
440 2154 478 2213 de
498 2154 594 2214 salute
616 2154 743 2215 civitatis
763 2152 870 2232 legatie
889 2152 949 2212 huc
969 2152 1041 2212 illuc
1061 2153 1159 2211 missis
1180 2151 1359 2230 agebamus:

259 2263 360 2305 rerum
373 2245 520 2305 enimvero
531 2246 651 2323 quando
664 2247 717 2305 tibi
729 2266 791 2304 non
806 2245 878 2304 satis
891 2255 954 2304 erat
967 2263 1071 2323 poenas
1086 2263 1146 2304 non
1159 2243 1288 2313 dedisse,
1304 2243 1362 2302 nisi

259 2338 349 2398 etiam
368 2346 400 2397 et
418 2337 540 2415 prmmia
562 2355 700 2414 posceres
722 2335 929 2412 civitatemque
943 2345 1073 2394 nostram
1096 2335 1210 2394 Graecis
1223 2337 1361 2395 omnibus

260 2427 451 2486 deridendam
463 2428 616 2504 objiceres,
630 2437 692 2484 tum
704 2426 830 2504 denique
843 2425 896 2485 tibi
906 2426 1021 2488 obviam
1035 2427 1072 2484 ιιι
1086 2427 1225 2503 litemque
1235 2428 1362 2487 intendi.

300 2521 350 2576 83.
372 2517 532 2590 Caeterum,
540 2536 594 2594 per
602 2515 675 2576 deos
684 2517 874 2590 immortales,
885 2537 984 2577 eorum
995 2517 1125 2577 omnium
1135 2537 1200 2595 quse
1213 2517 1361 2580 dicturum

260 2629 328 2670 esse
342 2607 574 2669 Demosthenem
588 2607 688 2682 audio,
701 2609 759 2670 boc
773 2608 854 2688 quod
870 2609 934 2688 jam
946 2608 1027 2670 vobis
1041 2609 1136 2669 dicam
1157 2609 1362 2688 indignissime

259 2704 334 2765 lero.
356 2703 511 2783 ingenium
525 2723 623 2763 menm
643 2723 712 2764 cum
726 2703 877 2762 sirenibus
891 2714 1052 2781 comparat,
1067 2703 1093 2761 si
1103 2701 1160 2764 diis
1174 2703 1279 2782 placet.
1311 2707 1361 2766 Ab

258 2795 317 2855 illis
330 2795 408 2854 enim
422 2813 480 2853 non
495 2805 556 2854 tam
570 2793 788 2873 permulceatur
806 2795 902 2874 inquit
919 2795 1080 2868 auditores,
1100 2794 1241 2873 quemad
1260 2797 1362 2874 perni-

259 2888 335 2946 ciem
348 2887 507 2965 adiguntur
520 2887 673 2964 [quocirca
687 2886 762 2946 male
773 2885 856 2946 audit
870 2887 1003 2945 Sirenum
1012 2886 1186 2962 harmonia}
1207 2887 1252 2947 lta
1260 2907 1361 2948 meam

258 2980 290 3038 in
306 2978 433 3038 dicendo
446 2977 592 3058 peritiam,
605 2997 704 3036 meum
724 2978 884 3058 ingenium,
898 2978 933 3037 iis
947 2978 997 3057 qui
1012 2978 1137 3038 audiunt
1155 2998 1269 3060 semper
1291 2999 1360 3040 esse

259 3071 421 3131 exitiosum.
463 3071 554 3148 Atqui
574 3090 644 3131 cum
657 3071 735 3130 hanc
759 3071 796 3130 de
820 3089 868 3129 me
890 3069 1051 3130 orationem
1073 3071 1219 3131 neminem
1237 3071 1360 3132 omnino

258 3163 364 3223 decere
375 3173 495 3242 putem:
520 3173 604 3242 turpe
624 3163 703 3222 enim
717 3163 882 3222 accusatori
897 3172 950 3233 eet,
966 3164 990 3222 si
1005 3163 1222 3223 criminationes
1235 3183 1313 3224 suas
1326 3183 1360 3234 re

259 3256 606 3334 nequeatcomprobare:
627 3267 690 3312 tum
703 3256 777 3314 sicui
768 3253 862 3314 'illud
875 3255 1032 3314 dicendum
1046 3257 1159 3326 fuisset,
1174 3277 1232 3316 non
1247 3276 1284 3317 ea
1296 3258 1360 3318 Dc·

259 3340 420 3404 mosthenis
432 3344 525 3402 oratio
538 3353 612 3413 erat,
627 3343 700 3402 sed
693 3343 876 3429 imperatoris
889 3343 1011 3423 alicujus
1025 3345 1074 3422 qui
1088 3363 1135 3404 res
1149 3347 1269 3425 quidem
1281 3367 1360 3427 prm·

257 3436 353 3497 clarae
362 3453 416 3515 pro
427 3434 577 3513 republica
588 3435 723 3514 gesserit,
734 3435 852 3496 dicendi
862 3446 960 3494 autem
971 3434 1112 3496 facultate
1120 3437 1272 3498 deseratur
1272 3441 1359 3540 ,qui-

258 3549 316 3609 qne
338 3528 406 3589 ideo
420 3528 606 3589 adversario
598 3529 750 3608 ingenium
763 3549 849 3590 suum
871 3529 991 3590 miramus
1011 3530 1163 3602 invideret,
1179 3553 1249 3592 cum
1270 3525 1360 3596 int'el-

258 3620 333 3699 ligat
342 3639 377 3680 se
389 3620 462 3680 nihil
475 3638 577 3680 eorum
590 3641 658 3699 quse
670 3617 830 3702 patraverit
842 3622 973 3682 oratione
987 3622 1132 3701 explicare
1145 3643 1244 3704 posse,
1264 3645 1360 3686 accu-

258 3713 386 3773 satorem
398 3721 502 3772 conns
512 3713 615 3774 videat
627 3716 715 3776 etiam
728 3733 765 3775 ea
782 3735 849 3795 qum
862 3733 1010 3795 nunquam
1024 3716 1149 3794 gesserit
1167 3718 1289 3797 perinde
1303 3738 1359 3779 eu·

257 3805 402 3864 ditoribue
414 3805 446 3862 in
464 3815 627 3885 conspectu
645 3825 767 3886 ponere,
782 3807 868 3891 quasi
888 3827 906 3866 a
924 3827 957 3867 se
978 3827 1079 3868 resera
1096 3820 1197 3869 essent
1215 3810 1359 3889 perfecte.

258 3896 349 3968 Nunc
360 3913 505 3956 verocum
518 3898 608 3957 homo
620 3907 702 3959 totus
715 3919 753 3959 ex
765 3898 916 3958 vocabulis
929 3899 1193 3979 consensusque
1207 3903 1312 3961 amaris
1326 3913 1359 3962 et

257 3989 383 4048 inaniter
394 3989 558 4067 exquisitis,
570 3989 702 4050 tandem
706 3991 746 4052 ad
759 3991 898 4051 emtionis
913 3991 1126 4070 simplicitatem
1140 4003 1172 4052 et
1185 3993 1264 4053 lacta
1284 4013 1358 4055 con·

257 4078 344 4159 tagit,
355 4080 422 4157 quie
431 4099 519 4158 aequo
529 4081 626 4142 animo
635 4082 732 4143 ierat?
753 4084 802 4144 cui
811 4083 901 4163 'siquis
912 4084 1054 4204 linguam,
1065 4093 1100 4145 ut
1108 4085 1196 4162 tibiis,
1207 4085 1358 4161 damnent,

258 4169 402 4248 reliquum
415 4170 488 4230 nihil
502 4172 568 4233 erit.
675 4214 680 4224 ·

297 4263 347 4319 84.
362 4263 427 4341 Ego
440 4263 637 4342 equidemvos
647 4265 783 4344 demiror,
794 4269 996 4342 Athenienses,
1005 4281 1036 4331 et
1049 4243 1220 4332 scireselim
1222 4270 1355 4348 ,quibus

258 4351 379 4412 demum
386 4355 475 4414 rebus
483 4359 609 4435 permoti
623 4360 769 4421 actionem
779 4361 855 4422 hanc
865 4361 1017 4422 sententiis
1028 4363 1358 4442 vestrisimprobaretis.

260 4444 307 4504 A'n
316 4444 396 4524 quod
411 4446 516 4508 scitum
526 4449 688 4528 legitimum
701 4451 773 4514 est?
793 4453 835 4514 At
847 4453 930 4514 nulla
942 4473 1070 4534 unquam
1084 4455 1232 4516 sententia
1240 4453 1357 4538 legibus
