2967 5017
294 310 354 369 uuo
458 303 463 315 ¹
648 311 821 375 course
841 270 1037 379 eunucu.

293 460 427 525 tensione
436 464 568 545 prefecto
580 468 710 547 coemto,
724 468 767 529 sic
780 466 900 531 demum
909 470 985 531 terre
996 459 1173 533 nocuum
1184 480 1239 547 pro
1250 463 1321 543 di'u,
1336 480 1397 545 pto

211 610 214 621 ‚
293 554 418 635 legibue,
431 576 484 639 pro
493 556 616 639 justitio,
626 579 680 641 pro
692 560 777 623 vobis
789 561 870 643 ipsis.

719 778 976 841 ADVOCATIO.

331 920 362 977 6.
384 917 500 987 Quibus
513 918 765 1004 offectusiujuriie,
775 916 1172 998 Athenienses,uStephsno
1186 917 1226 977 od
1244 934 1393 979 uocum

292 1008 361 1072 dum
385 1012 523 1075 Neretum
547 1016 996 1088 adscenderim,'1'heomueutus
1021 1013 1103 1075 uobis
1127 1010 1282 1091 exposuit:
1306 1030 1393 1091 pere-

290 1103 404 1183 grinum
417 1115 515 1167 cutem
529 1127 596 1169 csse
612 1108 760 1185 Noveram,
774 1122 804 1189 et
816 1120 920 1172 contre
932 1109 1014 1189 leges
1027 1106 1163 1189 nupsisse
1176 1102 1341 1185 Stephffltts
1358 1103 1391 1163 id

291 1214 348 1276 ego
361 1198 514 1280 perspicue
525 1201 744 1265 demonstrabo.
784 1208 829 1265 Ac
844 1203 968 1284 primum
982 1202 1032 1261 lex
1045 1201 1128 1261 vobis
1141 1198 1321 1269 recitabitur,
1329 1215 1390 1277 que

291 1288 506 1355 Theomneetus
520 1295 667 1356 actionem
675 1295 754 1357 hunc
766 1296 903 1369 instituit,
913 1306 943 1356 et
956 1292 1119 1357 muuuhaec
1130 1289 1210 1372 opud
1220 1310 1272 1351 vos
1280 1290 1389 1370 egium.

792 1476 885 1536 Lux.
907 1434 911 1443 ’

323 1611 363 1661 Sin
386 1614 473 1681 hospes
495 1617 615 1665 mutierem
633 1617 708 1667 ciuem
725 1617 822 1667 duxerit
836 1632 972 1681 quecunque
989 1623 1040 1665 erte
1056 1622 1096 1664 eut
1116 1612 1293 1670 mechinetioue,
1310 1611 1386 1676 quiris

291 1687 478 1749 Atheniensium,
490 1693 529 1741 cui
546 1694 571 1743 id
582 1694 648 1752 licet,
663 1709 716 1743 eum
728 1695 791 1757 opud
805 1694 913 1742 uenires
928 1698 1048 1741 monneto:
1067 1691 1109 1756 qui
1125 1690 1149 1737 et
1165 1690 1288 1738 deumne
1306 1688 1385 1745 ueto

291 1768 436 1817 venundetur
447 1776 496 1819 tun
506 1769 559 1832 ipse
570 1778 619 1821 tour
630 1787 670 1821 ree
685 1774 737 1834 eine
754 1771 883 1827 fertilioris,
894 1778 919 1819 et
934 1770 1007 1819 tricus
1024 1769 1056 1817 uit
1071 1767 1172 1833 ejusqui
1182 1781 1248 1815 mut
1261 1767 1387 1831 perarsit·

289 1841 403 1893 Similiter
418 1846 439 1894 ei
450 1854 474 1895 et
484 1848 608 1911 peregrine
624 1849 672 1897 oiri
683 1849 784 1913 cuipium
800 1848 914 1911 nupserit,
926 1848 975 1911 peri
989 1848 1087 1903 retiouu,
1096 1846 1117 1893 ie
1126 1846 1195 1893 etiem
1206 1844 1247 1907 qni
1257 1843 1386 1906 peregrini·

289 1919 343 1966 tutis
352 1920 481 1971 demnatum
493 1923 599 1973 hebuerit
610 1924 633 1971 iu
645 1924 790 1972 metuimuuio
801 1924 866 1972 mille
877 1921 994 1969 dreohmie
1004 1922 1138 1969 mulctetur.

331 2048 360 2104 7.
382 2047 503 2127 Legem,
520 2049 654 2123 Judiccs,
672 2049 837 2121 moturus,
850 2068 916 2127 quae
928 2066 986 2109 nec
998 2048 1184 2129 peregrinum
1196 2046 1253 2107 civi
1266 2046 1384 2105 nubere.

290 2135 396 2217 Neque
419 2141 513 2201 civem
524 2142 687 2203 'mulierem
709 2142 876 2223 peregrino,
889 2160 986 2221 neque
1001 2142 1152 2222 suscipere
1172 2158 1214 2200 ex
1228 2158 1266 2201 ee
1277 2137 1384 2199 liberos

289 2237 352 2289 urtc
375 2230 436 2292 ulle
457 2244 509 2293 eut
529 2234 749 2297 machinatione
771 2234 858 2295 sinit:
886 2252 954 2311 quoe
968 2233 993 2293 ei
1011 2234 1078 2313 quis
1099 2232 1227 2304 violarit,
1240 2232 1384 2293 sotionem

287 2330 390 2383 contro
404 2340 455 2383 eos
467 2323 549 2385 dedit
559 2325 640 2405 opud
649 2325 791 2399 eexviroe,
803 2336 866 2385 tem
878 2333 982 2385 contre
993 2341 1045 2385 ece
1059 2323 1143 2385 dedit
1151 2324 1232 2405 opud
1242 2324 1384 2393 sexuum,

286 2422 347 2473 tem
366 2424 471 2475 contre
483 2418 678 2497 peregrinum,
691 2436 781 2497 quom
799 2428 903 2478 contro
914 2418 1119 2498 peregrinam
1139 2417 1190 2495 qui
1205 2415 1231 2477 ei
1244 2415 1384 2475 domum·

286 2514 345 2578 tur,
359 2524 411 2567 eos
423 2508 588 2569 venundari
597 2509 692 2589 jubet.
733 2510 802 2569 Jem
820 2507 1004 2590 peregrinum
1017 2528 1084 2569 esec
1098 2509 1246 2579 Neoerem,
1259 2507 1290 2567 id
1301 2508 1381 2568 vobis

286 2598 324 2658 eb
341 2598 407 2679 ipso
426 2600 592 2679 primordie
604 2602 823 2663 demouitrebo.
864 2601 986 2679 Septem
999 2600 1111 2679 puellus
1130 2602 1168 2660 eb
1182 2598 1384 2679 ipeeinsunrie

286 2692 356 2751 emit
374 2691 522 2765 Nicerotis,
538 2693 662 2755 Charisii
677 2692 741 2754 Elei
755 2693 869 2767 liberte,
882 2692 1005 2773 Hippin
1017 2692 1178 2772 coquicjue
1190 2710 1277 2762 uxor,
1293 2711 1384 2773 gnere

285 2794 317 2843 et
329 2786 423 2865 perito
434 2786 646 2868 perspiciendue
660 2794 794 2847 venuste
806 2783 994 2866 porvulorum
1007 2794 1132 2855 neturus,
1151 2792 1183 2843 et
1199 2801 1251 2843 eoe
1262 2784 1384 2845 solutor

285 2876 433 2939 educendi
454 2879 683 2959 instituendique
707 2878 780 2951 ecio,
794 2887 829 2937 ut
844 2896 911 2956 ques
929 2886 1023 2937 ortem
1036 2895 1102 2937 eum
1114 2886 1274 2949 exerceret,
1294 2888 1382 2956 utque

285 2990 322 3031 ex
335 2988 371 3032 ce
383 2990 414 3033 re
423 2972 536 3033 victum
550 2971 730 3050 collegisset,
742 2968 869 3029 tiliorum
883 2978 982 3029 sutem
992 2988 1042 3029 ese
1056 2969 1176 3029 nomine
1188 2969 1382 3049 competierit,

285 3074 319 3125 ut
332 3082 422 3143 quem
435 3064 575 3125 maxims
594 3063 631 3122 ab
645 3062 691 3135 iic,
705 3060 756 3140 qui
768 3078 868 3120 carum
883 3055 1125 3122 consuetudinem
1138 3072 1279 3140 tunquam
1301 3062 1382 3142 inge-

284 3174 409 3215 nuorum
422 3158 612 3234 appetebant,
623 3153 774 3214 mercedes
783 3152 932 3232 exigerem
952 3162 1059 3233 posteo
1069 3172 1158 3234 quern
1168 3163 1268 3215 cutem
1281 3153 1382 3216 domm

284 3247 379 3307 oetutis
390 3229 489 3307 eurum
499 3266 607 3324 magno
621 3266 687 3307 cum
697 3255 813 3326 quaestu
826 3246 983 3326 prostituit,
992 3265 1064 3319 uuo,
1074 3256 1107 3306 ut
1117 3247 1159 3308 itu
1169 3246 1277 3319 dicem,
1290 3247 1380 3319 fusce,

177 3329 179 3333 ’
283 3356 407 3417 corpore
428 3336 516 3398 etiarn
537 3356 648 3411 carum,
663 3358 731 3398 oum
753 3347 866 3418 septem
880 3347 989 3410 esseut,
1006 3337 1151 3412 uendidit,
1171 3338 1284 3409 Andre,
1298 3338 1380 3399 Stre·

283 3430 364 3502 tolae,
378 3428 561 3506 Aristocleae,
575 3429 739 3505 Metanirre,
754 3430 858 3502 Phile,
878 3430 1057 3505 isthmiudie,
1071 3441 1103 3493 et
1115 3430 1241 3493 Nescire.
1282 3430 1381 3501 Quoue·

281 3522 372 3603 igitur
389 3522 589 3602 uuusquisque
612 3542 710 3595 eurum
728 3523 840 3595 emerit,
857 3534 889 3583 et
907 3534 941 3583 ut
963 3525 1001 3585 eb
1024 3526 1059 3585 iis
1083 3524 1132 3603 qui
1145 3542 1196 3585 eus
1210 3531 1235 3582 ι’·
1242 3521 1381 3587 Niceten

282 3625 425 3689 emerent,
444 3614 578 3676 libertate
590 3614 708 3677 donutee
723 3617 791 3689 sint,
804 3635 962 3698 progressu
984 3612 1132 3687 cretionis,
1153 3618 1180 3676 si
1203 3615 1305 3677 audire
1327 3630 1379 3679 to·

281 3708 360 3784 letis,
372 3719 403 3770 ct
414 3728 493 3789 oque
504 3708 575 3769 mihi
588 3718 735 3790 suppetet,
746 3710 829 3771 vobis
839 3709 1010 3790 explicabo:
1032 3710 1166 3771 Neersm
1177 3719 1276 3771 eutem
1288 3707 1380 3771 fuisse

282 3802 443 3884 Niceretae,
463 3814 493 3863 ct
518 3822 637 3884 corpore
660 3802 766 3863 iecisse
788 3804 1140 3883 questum'morigsrom
1162 3801 1309 3875 omuibus,
1326 3803 1377 3881 qui

281 3914 349 3956 cum
368 3912 404 3962 ee
417 3894 558 3975 congredi
572 3894 666 3976 pretio
680 3894 753 3955 doto
763 3894 882 3971 vedent,
895 3896 953 3957 hoc
966 3898 1049 3957 vobis
1054 3894 1156 3957 denuo
1162 3894 1298 3956 nemebo.
1318 3894 1378 3977 Ly·

281 3988 341 4048 uieu
356 3979 496 4069 sophista,
512 3988 669 4049 Meteuirue
683 3997 808 4058 ametor,
822 3988 915 4049 uoluit
928 3996 1034 4069 preter
1046 3986 1119 4048 oliuu
1130 3988 1290 4068 impensus,
1304 4006 1377 4067 quoe

280 4078 311 4137 iu
329 4092 394 4140 euru
409 4082 590 4155 contuetur,
608 4099 673 4142 eum
686 4080 776 4143 etium
788 4081 902 4142 initiare
910 4101 919 4150 t
942 4081 1022 4161 quod
1037 4080 1376 4162 cx'istimubut,·reliquou

279 4184 414 4251 sumptus
428 4175 575 4236 dominum
591 4175 655 4255 ejus
670 4172 832 4255 percipere,
848 4194 918 4254 quse
927 4194 997 4235 vcro
1016 4175 1048 4234 iu
1061 4176 1174 4236 festum
1183 4187 1216 4237 ct
1228 4174 1313 4237 initis
1322 4194 1375 4256 pro

279 4280 314 4321 eu
326 4262 495 4339 insumeret,
518 4266 555 4327 iis
576 4287 607 4328 se
626 4269 663 4327 eb
680 4267 748 4347 ipsu
766 4266 886 4327 muliere
900 4268 1026 4346 gretiam
1042 4268 1192 4330 initurum.
1233 4267 1374 4333 Pmoun·

278 4355 366 4436 igitur
380 4369 427 4417 est
442 4358 621 4432 Nicerotem,
637 4370 672 4419 ut
689 4360 728 4421 ed
742 4359 958 4435 initie'vcuiret,
972 4361 1118 4423 Meneta
1132 4380 1234 4425 secum
1246 4361 1375 4424 udducu

278 4460 311 4510 ut
328 4450 500 4525 initiaretur,
514 4452 636 4533 ipseque
658 4473 690 4516 ue
708 4452 789 4517 illam
807 4452 987 4517 iuiticturum
1011 4464 1057 4517 eet
1079 4453 1239 4535 pollicitus.
1281 4457 1374 4529 Quos,
