2967 5017
195 364 203 379 .
260 324 318 382 rm
529 320 749 383 inversus
769 318 1079 413 uicosrnsruts.

727 610 890 675 TESTES.

261 758 409 821 Preterea
425 776 463 819 ex
474 756 522 818 bis
542 775 658 837 quoque
678 756 872 835 cognoscetis,
886 752 1031 815 Arethusii
1043 772 1109 814 esse
1121 752 1255 813 homines
1268 751 1356 814 istos.

262 850 385 919 Quoties
397 849 443 911 vel
464 850 593 935 pomaria
614 848 811 919 redemerunt,
825 848 872 909 vel
890 866 1013 909 messem
1025 844 1231 907 moenum
1242 848 1359 908 eondu-

262 950 376 1014 rerunt,
389 940 436 1003 vel
451 940 570 1021 aliquod
583 940 664 1002 eliud
678 942 818 1001 msticuur
836 958 911 1021 upsrs
923 939 1138 1001 conficiendum
1153 952 1360 1020 susceperuut,

264 1033 436 1095 Arethusius
447 1053 502 1114 pro
521 1034 562 1095 e's
579 1046 610 1095 et
624 1034 695 1095 eruit
708 1046 738 1093 et
751 1033 904 1095 conduxit.
943 1033 1020 1102 Ques
1031 1051 1102 1095 vers
1111 1051 1188 1106 esse,
1200 1034 1312 1113 etipsa
1323 1054 1361 1095 ea

262 1126 387 1187 testibus
400 1124 533 1187 eudictis.

728 1284 891 1364 rasum.

307 1422 336 1477 7.
358 1420 509 1487 Quantum
531 1419 616 1499 igitur
638 1416 812 1479 testimoniis
826 1413 980 1477 ostendere
1003 1414 1095 1494 potui,
1120 1413 1269 1475 Arethusii
1294 1434 1364 1476 esss

267 1511 413 1593 mancipia
426 1511 491 1583 ists,
506 1529 541 1571 es
554 1509 635 1571 vobis
648 1508 807 1589 explicavi:
828 1508 925 1568 dicem
939 1519 1037 1568 autem
1058 1506 1143 1571 etiam
1162 1506 1201 1567 de
1218 1524 1365 1586 provoce-

268 1605 430 1685 tione‚qus
443 1612 473 1662 et
486 1602 534 1662 isti
547 1621 605 1676 me,
618 1611 648 1663 et
667 1620 723 1681 ego
742 1601 814 1660 istos
835 1598 1000 1680 provocavi.
1043 1598 1105 1669 isti,
1117 1601 1190 1658 cum’
1205 1597 1299 1677 prima
1319 1598 1366 1656 in-

269 1698 386 1777 quisitio
400 1697 493 1769 lieret,
506 1697 717 1776 profitebuntur
731 1714 764 1755 se
786 1703 905 1774 paratos
925 1712 991 1753 esse
1010 1692 1066 1771 ipsi
1085 1690 1154 1750 mibi
1176 1692 1324 1772 mancipia
1336 1691 1367 1750 in

269 1790 463 1869 questionem
476 1788 556 1859 dare,
571 1808 606 1850 eo
620 1787 740 1849 consilio
755 1796 788 1847 ut
800 1786 832 1845 id
844 1786 898 1847 sibi
909 1784 1058 1865 quoddam
1069 1783 1264 1844 testimonium
1275 1795 1366 1845 esset

271 1882 337 1962 Ego
350 1900 420 1943 vero
433 1880 475 1941 eis
490 1898 588 1940 coram
605 1881 730 1941 testibus
744 1878 890 1959 respondi,
903 1896 951 1935 me
964 1886 1097 1954 parstnm
1110 1893 1176 1936 esse
1189 1877 1229 1937 ire
1241 1896 1311 1936 curn
1325 1876 1367 1937 eis

271 1974 310 2035 ad
325 1983 469 2043 senatum,
482 1980 513 2030 et
533 1972 665 2049 accipere
684 1988 752 2030 curn
770 1987 805 2027 eo
820 1967 866 2026 vel
880 1985 947 2027 cum
960 1964 1097 2025 xr·viris:
1119 1988 1189 2028 nam
1211 1970 1236 2028 si
1253 1970 1368 2048 privetu

267 2065 381 2148 judicio
394 2080 461 2123 cum
476 2061 519 2120 eis
533 2080 660 2139 agerem,
674 2069 726 2119 aut
738 2059 794 2137 ipsi
807 2058 922 2118 eamibi
935 2057 1093 2129 traderent,
1108 2078 1156 2119 me
1179 2071 1368 2141 accepturum

272 2155 383 2221 luisse:
405 2169 482 2210 nunc
495 2150 607 2230 reipub.
621 2168 685 2211 esse
699 2159 730 2209 et
739 2148 884 2229 mancipia
895 2160 927 2209 et
937 2148 1170 2228 descriptionem,
1191 2154 1370 2231 questiones

271 2246 361 2326 igitur
373 2242 490 2324 publice
502 2241 654 2303 habendas
675 2260 753 2302 esse.
795 2242 901 2322 Neque
918 2242 996 2301 eninr
1010 2241 1115 2302 decere
1127 2245 1268 2321 putebann
1282 2264 1302 2305 a
1313 2264 1370 2319 ms,

273 2337 392 2399 homine
406 2334 528 2416 privato,
549 2334 682 2415 publicos
703 2353 801 2394 servos
817 2334 962 2414 torqueri;
983 2354 1080 2415 neque
1099 2336 1175 2395 enim
1192 2338 1370 2414 questiones

274 2432 305 2489 in
326 2448 392 2487 mea
411 2436 557 2507 potestate
574 2437 667 2500 erunt,
692 2446 787 2507 neque
811 2428 1052 2489 committendum
1069 2439 1103 2489 ut
1125 2430 1162 2490 de
1178 2429 1214 2489 iis
1232 2448 1302 2510 quse
1323 2434 1371 2493 isti

275 2524 409 2584 dixerant
422 2539 479 2601 ego
492 2530 649 2583 statuerem
668 2522 847 2582 arbitrabare
868 2522 921 2582 sed
937 2523 985 2583 vel
1005 2542 1023 2584 a
1040 2524 1208 2603 meglsustu
1223 2525 1302 2585 vela
1321 2526 1372 2587 de·

269 2616 359 2676 lectis
373 2634 392 2676 s
406 2621 509 2675 senum
523 2613 609 2675 scribi
627 2624 771 2694 oportere,
790 2624 821 2675 et
836 2615 1005 2695 obsignatas
1024 2617 1212 2696 questiones,
1230 2616 1372 2699 quioquid

275 2708 408 2768 homines
431 2705 584 2781 dixissent,
601 2706 751 2787 judicibus
774 2706 889 2777 offerri3
911 2718 946 2768 ut
966 2708 1023 2769 illis
1048 2710 1166 2783 auditis,
1186 2710 1267 2789 quod
1289 2713 1373 2773 vobis

276 2800 432 2875 videretur,
446 2799 652 2861 decerneretis.
675 2802 753 2861 Nasu
765 2802 791 2863 si
802 2800 936 2862 homines
950 2802 1083 2881 privatim
1098 2820 1177 2863 eme
1189 2802 1256 2864 torti
1265 2816 1373 2879 essent,

277 2892 321 2952 illi
333 2890 468 2952 omuibus
483 2890 746 2952 contradixissent:
773 2892 817 2951 sin
838 2891 965 2970 publice,
977 2910 1033 2951 noa
1046 2891 1246 2969 tacuissemus,
1259 2896 1314 2955 sed
1327 2897 1374 2957 sel

279 2984 466 3063 magistratus
479 2982 526 3042 vel
539 2982 646 3043 delecti
670 3002 688 3042 s
706 2991 810 3042 senatu
827 2982 926 3059 qnosd
940 2984 982 3042 eis
996 2982 1089 3042 visurn
1106 2995 1187 3045 esset
1199 2986 1375 3067 questiones

279 3076 459 3137 habuissent.
500 3076 575 3143 Quoe
592 3092 658 3133 cum
681 3092 738 3152 ego
751 3072 868 3143 vellem,
882 3072 930 3133 isti
952 3092 984 3134 se
1007 3074 1190 3154 magistratui
1203 3098 1302 3140 servos
1316 3088 1374 3141 trs·
1412 3094 1417 3102 ’

282 3168 393 3228 diturus
406 3166 564 3244 negabant,
576 3180 675 3242 neque
689 3164 719 3223 in
735 3174 870 3224 senatum
890 3166 972 3244 sequi
987 3183 1032 3225 rue
1046 3166 1194 3230 volebant.
1236 3172 1277 3231 Ut
1288 3172 1375 3253 igitur

280 3256 345 3317 haec
359 3276 378 3317 s
391 3274 516 3317 merere
531 3256 589 3315 dici
602 3264 727 3330 constet,
739 3274 814 3318 voce
826 3256 896 3319 mibi
909 3258 1014 3320 horum
1023 3267 1125 3321 testes.

748 3487 910 3550 TESTES.

325 3631 353 3689 8.
376 3627 543 3691 Etsisutem
554 3628 652 3691 multis
662 3630 758 3697 modis
765 3632 953 3712 impudentes
962 3633 1033 3694 mibi
1045 3635 1192 3715 videntur,
1202 3638 1253 3716 qui
1264 3654 1374 3718 eaquae

284 3732 380 3783 vestra
402 3732 470 3782 suut
487 3720 542 3782 sibi
561 3722 724 3791 vendicent,
738 3735 838 3784 tamen
854 3726 904 3804 qui
922 3726 982 3787 sint
1003 3746 1021 3787 e
1039 3727 1155 3806 legibus
1173 3729 1275 3790 vestris
1288 3732 1335 3790 vel
1346 3732 1374 3791 in

284 3814 383 3895 primis
397 3812 555 3894 apparebit.
597 3814 660 3889 lsti,
674 3834 742 3874 cnm
761 3814 877 3896 judices
896 3816 1001 3897 capitis
1015 3816 1179 3880 damnaturi
1191 3831 1290 3882 essent
1307 3824 1375 3881 Are·

286 3905 424 3977 thusium,
434 3907 628 3985 precabantur
641 3924 692 3966 eos
707 3915 740 3966 ut
752 3908 948 3987 pecuniariam
964 3909 1103 3971 mulctum
1116 3910 1282 3992 infligerent
1291 3924 1321 3974 et
1333 3933 1376 3973 me

287 4009 321 4057 ut
333 3998 540 4077 permitterem,
553 4017 642 4079 seque
653 4016 713 4059 una
723 3998 870 4060 soluturos
881 3999 1101 4079 pollicebantur.
1143 4004 1270 4065 'lantum
1284 4015 1377 4067 autem

287 4090 371 4149 abest
383 4100 416 4149 ut
429 4099 644 4170 praestentque
655 4090 887 4171 spoponderunt,
897 4103 1039 4154 utvestre
1051 4096 1139 4155 etium
1153 4096 1207 4159 sibi
1215 4098 1376 4160 vendicent.

288 4178 377 4257 Atqui
390 4180 471 4258 leges
481 4181 584 4262 jubent
594 4184 659 4265 ejus
670 4202 740 4263 opes
753 4184 906 4263 publicari,
917 4186 967 4264 qui
977 4188 1163 4265 sponsionem
1176 4209 1229 4271 pro
1240 4210 1274 4251 re
1283 4190 1376 4272 alique

288 4271 404 4350 publica
416 4274 526 4348 iecerit,
541 4295 597 4337 nec
612 4272 739 4338 solverit.
781 4274 918 4349 Proinde,
932 4280 1047 4341 tametsi
1057 4280 1178 4342 istorum
1187 4293 1288 4344 essent
1298 4304 1376 4345 msu-

288 4364 373 4443 cipis,
387 4374 484 4427 tamen
497 4388 532 4429 ea
546 4368 688 4448 publicari
708 4371 872 4451 oportsbst,
886 4370 910 4429 si
922 4390 983 4451 qua
1000 4372 1089 4434 modo
1101 4384 1149 4435 ‘est
1159 4377 1268 4456 legum
1282 4388 1377 4438 sueto

288 4458 368 4519 ritss.
410 4458 454 4519 Ac
476 4461 645 4541 priusquam
669 4464 752 4524 fieret
765 4463 883 4525 erarius
907 4464 1090 4540 Arethusins,
1111 4469 1142 4529 iu
1162 4470 1299 4530 consessu
1318 4483 1377 4532 esst
