2967 5017
376 306 553 367 ¹CONTRA
575 304 928 367 DIONYSODORUM.
1145 302 1203 361 737

114 470 171 517 tum
194 461 420 534 exonerandum,
435 463 556 522 eandem
577 480 679 523 navem
705 462 880 540 navigationi
902 460 1041 519 exsistere
1064 469 1202 537 opportu-

118 552 204 611 nam?
238 553 299 613 Cur
313 554 410 631 igitur,
424 554 527 634 inquit,
541 554 598 614 alia
613 555 727 633 navigia
740 553 877 624 conduxi,
887 563 918 611 et
928 570 1038 611 merces
1048 551 1203 609 translatas

117 642 169 702 huc
183 644 269 703 misii
304 646 402 717 Quod,
422 648 623 717 Athenienses,
643 666 696 705 nec
721 648 784 725 ipse
806 664 860 704 nec
885 645 947 723 ejus
971 644 1068 703 socius
1092 662 1202 700 merces

116 754 212 796 omnes
228 736 256 793 in
273 756 328 798 sua
341 749 484 816 potestate
496 739 631 808 hahebat,
644 728 696 798 sed
710 748 847 797 vectores
857 756 926 797 suas
941 756 986 794 res
999 736 1027 795 in
1043 734 1107 794 aliis
1120 734 1200 793 navi·

115 826 166 905 giis
179 830 342 888 necessario
358 830 488 889 nimirum
512 830 568 890 huc
586 830 750 900 mittebant,
764 848 852 908 quum
869 830 915 889 isti
930 828 1142 906 navigationem
1156 828 1200 884 in-

114 926 335 999 terrumperent:
358 942 478 1000 quarum
493 934 588 983 autern
604 942 698 981 rerum
712 923 761 981 isti
774 931 857 981 erant
869 921 988 991 domini,
1002 941 1052 980 eas
1062 938 1130 979 vero
1140 938 1198 979 non

110 1030 207 1071 ornnes
221 1012 279 1073 huc
294 1014 444 1087 miserunt,
459 1014 511 1073 sed
526 1034 577 1074 eas
593 1015 711 1073 demum
725 1014 878 1091 elegerunt
890 1032 1014 1092 quarum
1029 1012 1122 1091 pretia
1136 1022 1199 1071 c're-

111 1116 219 1165 verant.
259 1105 376 1183 Alioqui
395 1126 461 1165 cum
476 1107 558 1177 alias,
574 1118 604 1165 ut
618 1106 722 1176 dicitis,
738 1126 826 1167 naves
839 1105 1052 1176 conduceretis,
1068 1124 1121 1165 cur
1141 1122 1199 1163 non

90 1210 209 1256 -omnen
233 1216 341 1257 merces
366 1198 395 1255 in
418 1218 468 1258 eas
488 1199 689 1269 transtulistis,
703 1200 757 1259 sed
771 1199 948 1258 frumentum
966 1198 1064 1258 Rhodi
1082 1197 1200 1277 reliqui·

112 1284 184 1345 stisi
205 1288 360 1361 Quoniam,
372 1290 500 1361 Judices,
515 1291 555 1349 eis
568 1292 739 1371 expediebat
758 1291 830 1351 iliud
851 1290 891 1350 ibi
914 1290 1093 1356 distrahere;
1109 1291 1202 1370 pretia

113 1378 184 1437 enirn
199 1381 247 1441 hic
261 1382 359 1441 laxata
372 1402 437 1443 esse
452 1382 624 1443 audierant:
661 1394 783 1444 caeteras
796 1402 866 1443 vero
883 1383 1013 1443 sarcinas
1033 1382 1091 1440 huc
1113 1381 1199 1440 mise·

111 1482 185 1544 runt,
199 1474 277 1533 unde
291 1474 402 1534 lucrum
419 1476 583 1553 sperabant.
626 1478 700 1536 Cum
722 1476 810 1554 igitur
823 1475 860 1535 de
875 1476 1069 1535 conductione
1083 1472 1200 1531 navium

109 1558 245 1640 loqueris,
273 1565 384 1623 nullum
409 1577 502 1644 ruptas
527 1567 618 1635 navis,
635 1567 687 1627 sed
711 1567 798 1625 vestri
827 1565 992 1646 compendii
1016 1563 1199 1633 nonnullum,

110 1666 313 1732 argumentum
328 1656 422 1716 affers.

150 1749 179 1803 8.
200 1750 245 1807 Ac
259 1749 296 1807 de
309 1749 353 1808 his
374 1750 490 1828 quidem
510 1753 574 1811 haec
595 1754 704 1813 dixisse
719 1755 862 1813 sufficiat:
883 1754 962 1832 quod
987 1763 1084 1813 autem
1106 1752 1199 1811 credi·

108 1845 184 1897 tores
199 1840 358 1900 assensisse
372 1842 488 1901 dicitas
502 1862 605 1902 usuras
618 1844 749 1905 Rhodias
760 1854 941 1923 accepturos,
954 1844 983 1903 id
997 1844 1070 1903 nihii
1082 1843 1120 1902 ad
1134 1862 1197 1901 nos.

110 1928 218 2007 Siquis
239 1932 316 1991 eninr
337 1932 373 1992 de
396 1954 449 1994 suo
465 1934 544 1995 vobis
565 1936 742 1996 condonavit
758 1938 877 2015 aliquid,
890 1937 970 1996 nuila
983 1937 1017 1996 fit
1035 1936 1137 2018 injuria
1150 1935 1198 1994 sei

110 2020 285 2081 contionanti
300 2025 345 2083 vei
361 2025 532 2105 accipienti:
555 2028 607 2087 sed
621 2047 674 2087 nos
693 2048 787 2107 neque
807 2030 858 2089 tibi
878 2028 1032 2108 quicquam
1049 2026 1200 2087 condona·

110 2110 210 2186 vimus,
224 2134 318 2193 neque
333 2119 536 2179 consensimus
550 2120 579 2178 in
595 2118 740 2180 Rhodiam
760 2119 983 2199 navigationem,
998 2140 1093 2198 neque
1117 2119 1198 2197 quie·
1246 2192 1251 2201 ²

111 2222 193 2281 quam
208 2208 273 2286 pius
289 2210 434 2297 apudnos
448 2210 526 2270 valet
544 2232 631 2290 quam
644 2212 819 2293 syngrapha.
861 2212 905 2272 Ea
917 2232 985 2272 vero
999 2211 1070 2290 quid
1083 2212 1133 2281 ait,
1148 2225 1200 2272 aut

109 2314 163 2373 quo
176 2300 390 2379 navigationem
414 2302 522 2383 suscipi
541 2304 650 2384 jubet?
671 2305 798 2365 Athenis
815 2305 845 2363 in
859 2304 1034 2384 AEgyptum,
1047 2314 1078 2364 et
1091 2324 1127 2363 ex
1143 2304 1198 2363 AE·

108 2401 193 2467 gypto
207 2394 357 2453 Athenas:
379 2397 457 2473 quod
472 2396 528 2455 nisi
541 2398 602 2467 flat,
617 2396 739 2477 duplum
754 2398 931 2477 solvijubet.
962 2397 1035 2455 Haec
1050 2396 1075 2455 si
1091 2396 1197 2469 fecisti,

110 2481 213 2542 nuliam
236 2486 370 2565 injuriam
392 2487 481 2545 iacis:
505 2487 530 2545 si
554 2508 612 2545 non
637 2488 738 2559 iecisti,
762 2509 857 2567 neque
879 2507 982 2547 navem
1002 2488 1132 2547 Athenas
1152 2508 1198 2548 re·

113 2570 226 2648 duxisti,
240 2596 277 2637 ea
292 2589 321 2637 te
336 2596 421 2655 poena
438 2578 569 2637 mulctari
593 2580 678 2638 decet
696 2599 761 2658 ques
785 2582 813 2638 in
837 2581 1005 2659 syngrapha
1023 2582 1196 2640 continetur.

114 2663 142 2723 id
155 2668 232 2727 enim
243 2669 293 2746 jus
308 2688 364 2727 non
378 2669 530 2747 ‘quisquam
546 2670 631 2741 alius,
646 2671 697 2728 sed
712 2679 774 2729 tute
788 2671 840 2729 tibi
853 2671 1039 2751 descripsisti.
1080 2673 1197 2731 Alteru-

111 2764 180 2818 trum
195 2760 284 2839 igitur
297 2760 418 2820 ostende
428 2759 589 2840 jndicibus,
605 2771 656 2820 aut
671 2780 722 2821 vos
743 2763 939 2840 syngrapham
959 2772 1051 2822 ratam
1070 2782 1128 2823 non
1145 2764 1197 2823 ha-

113 2850 249 2923 bere,aut
272 2872 330 2913 aon
354 2873 420 2913 esso
442 2872 559 2933 mquam
583 2863 617 2913 ut
635 2870 672 2913 ex
695 2859 759 2929 ejus
783 2855 954 2932 praescripto
978 2874 1062 2933 geras
1089 2854 1196 2913 omnia.

112 2939 191 3009 Quod
215 2946 241 3005 si
264 2946 316 3025 qui
339 2946 389 3006 tibi
410 2946 520 3025 aliquid
539 2945 712 3006 remiserunt
730 2957 760 3005 et
777 2944 910 3005 Rhodias
923 2964 1028 3006 usuras
1042 2964 1197 3006 concesse·

112 3044 182 3108 runt,
192 3056 367 3117 quocunque
378 3039 495 3098 tandem
511 3048 598 3117 pacto
612 3037 742 3109 adducti,
754 3048 940 3117 proptereane
950 3046 983 3097 tu
994 3036 1102 3097 nullam
1114 3037 1198 3101 nobis

111 3121 235 3203 iujuriam
249 3129 332 3198 iacis,
347 3129 455 3189 violata
476 3130 645 3210 syngrapha
662 3132 710 3210 qui
729 3148 833 3189 narem
854 3130 993 3190 Rhodum
1007 3129 1197 3209 perduxerisi

111 3214 173 3277 Non
184 3221 320 3301 equidem
336 3221 448 3301 opinor.
491 3222 595 3301 Neque
610 3224 686 3283 enim
707 3222 736 3281 hi
759 3242 836 3283 nunc
857 3222 895 3281 de
913 3222 1035 3282 aliorum
1048 3224 1196 3283 condona·

111 3312 242 3386 tionibus,
256 3318 309 3375 sed
323 3314 359 3373 de
374 3313 554 3393 pactionibus
569 3314 627 3374 tuis
641 3314 793 3374 nobiscum
806 3315 891 3374 factis
900 3314 951 3394 jus
966 3315 1075 3375 dicunt.

145 3404 172 3463 9.
193 3407 270 3467 Nam
293 3426 445 3466 usurarum
476 3407 684 3479 remissionem,
707 3407 731 3465 si
758 3426 815 3485 qua
841 3406 939 3479 modo,
960 3417 994 3467 ut
1015 3408 1062 3467 isti
1084 3408 1195 3480 dicunt,

112 3490 183 3557 tacta
196 3510 249 3572 est,
264 3518 332 3558 cum
349 3497 470 3558 utilitate
484 3498 658 3557 creditorum
674 3517 737 3557 esse
752 3497 871 3567 iactam,
886 3500 966 3557 vobis
983 3497 1116 3557 omnibus
1131 3519 1195 3577 per-

109 3585 231 3663 spicuum
246 3604 304 3651 est.
347 3590 424 3649 Nam
437 3590 488 3668 qui
501 3608 538 3649 ex
554 3590 682 3669 AEgypto
700 3588 762 3649 istis
782 3590 936 3669 pecuniam
954 3589 1085 3649 Athenas
1102 3608 1195 3668 usque

110 3675 242 3745 duntaxat
256 3693 435 3753 mutuarent,
449 3691 483 3740 ut
497 3680 636 3741 Rhodum
650 3692 801 3752 venerunt,
814 3691 845 3741 et
858 3680 904 3740 isti
921 3700 1023 3740 narem
1046 3701 1082 3740 eo
1101 3698 1194 3760 appu-

109 3765 207 3845 lerunt,
222 3795 323 3836 eorum
347 3774 416 3833 nihii
435 3773 535 3853 opinor
549 3772 680 3832 interfuit
694 3774 798 3833 solutis
813 3773 906 3832 usuris
919 3784 950 3831 et
963 3770 1062 3831 Rhodi
1076 3782 1195 3851 recepto

67 3856 72 3869 '
112 3876 214 3937 mutuo,
228 3886 329 3927 rursus
348 3866 377 3926 id
397 3863 565 3944 negotiandi
583 3883 674 3923 causa
693 3864 828 3925 conferre
847 3866 877 3924 in
892 3864 1069 3945 AEgyptum:
1090 3864 1149 3923 imo
1162 3862 1192 3923 id

112 3956 194 4018 multo
208 3962 302 4041 magis
317 3958 435 4039 profuit,
451 3976 538 4036 quam
552 3958 610 4016 huc
625 3957 781 4037 appellere.
823 3956 986 4016 Iliue'enim
999 3954 1092 4015 brevis
1106 3964 1194 4015 estet

112 4050 236 4127 expedita
250 4050 406 4131 navigatio,
420 4060 449 4109 et
462 4050 506 4110 bis
519 4042 570 4109 aut
587 4059 632 4110 ter
645 4048 686 4109 eis
697 4048 839 4127 negotiari
848 4048 929 4108 licuit
938 4048 1041 4107 eodem
1054 4052 1193 4131 argento:

113 4142 183 4217 quod
197 4144 219 4201 si
233 4144 292 4221 huc
305 4143 457 4214 redissent,
467 4134 689 4222 hybernandum
703 4142 807 4201 fuisset
819 4141 879 4212 hic,
897 4151 928 4199 et
945 4132 1196 4219 navigationem

111 4236 308 4313 exspectanda.
329 4232 453 4295 Proinde
468 4232 509 4294 illi
521 4234 677 4295 creditores
693 4253 751 4294 uon
766 4232 854 4293 modo
864 4231 936 4296 nihil
949 4234 1131 4308 remiserunt,
1141 4234 1199 4293 sed

29 4372 30 4377 ,
112 4312 215 4403 lucrum
236 4329 323 4391 etiam
346 4328 486 4389 iecerunt.
529 4326 592 4388 Nos
616 4334 770 4397 autemut
791 4324 829 4386 do
853 4325 948 4385 usuris
973 4330 1132 4398 taceamus,
1155 4344 1194 4389 ne

111 4429 210 4478 tmtem
222 4420 340 4499 quidem
354 4438 525 4499 recuperare
539 4436 702 4498 possumus.
743 4417 787 4475 Ne
802 4417 887 4495 igitur
901 4418 1072 4478 auscultatis
1084 4418 1132 4507 isti
1141 4436 1196 4477 roa

626 4513 678 4570 ὀὶ
