2967 5017
447 308 619 373 CONTRA
640 308 938 378 THEOCRlNEM·
1180 312 1241 379 155

145 468 243 532 nuta,
265 462 395 525 munera
417 464 503 525 istius
526 472 629 544 potero
648 463 860 526 demonstrare.
902 462 1014 523 Praeter
1029 462 1095 524 boec
1116 463 1154 523 nb
1167 461 1241 525 illud

143 550 242 629 etiam,
250 554 382 627 ludices,
397 556 478 635 quod
491 554 624 637 proditus
637 574 814 619 sum—vera
823 554 902 616 euim
916 554 995 636 apud
1005 574 1057 615 vos
1068 553 1242 615 dicentur-

143 644 182 705 ab
195 645 369 720 hominibus,
383 648 443 727 qui,
467 668 534 709 cum
557 648 595 710 ob
619 648 791 722 iuimicitias,
805 666 879 727 quas
897 667 965 707 cum
985 645 1043 707 isto
1055 647 1241 722 exercebant,

141 734 231 797 fldem
245 739 325 818 apud
344 758 398 800 nos
412 739 600 811 invenissent,
615 739 771 819 auditaque
784 758 826 812 re,
849 739 1093 818 subscriptionem
1116 748 1148 798 ct
1169 748 1240 800 stre·

144 848 234 889 uuam
256 850 373 911 operam
396 832 609 913 promisissent,
626 852 672 892 me
691 851 770 891 nuno
793 830 946 905 destituto,
959 851 1026 890 cum
1044 832 1102 892 isto
1122 832 1154 890 in
1175 850 1242 891 meo

144 918 310 983 discrimine
324 924 353 985 iu
374 922 496 1005 gratiam
517 926 675 987 redierunt.
716 926 816 992 Quare
834 943 920 983 nemo
936 922 986 983 'cst
998 925 1049 1003 qui
1062 923 1132 983 mibi
1144 934 1242 1004 patro·

144 1014 270 1087 sinetur,
284 1016 340 1077 nisi
354 1038 399 1079 me
411 1018 484 1080 forte
498 1018 727 1080 necessariorum
741 1016 847 1096 aliquis
861 1015 1013 1097 adjuverit.

186 1109 215 1165 a.
232 1109 279 1169 Ac
292 1109 389 1171 multis
408 1110 528 1193 quidam
547 1113 602 1171 iste
624 1110 821 1171 delationibus
840 1107 985 1169 obnoxius
998 1107 1064 1180 luit,
1077 1127 1241 1189 omnesque

143 1198 238 1279 leges,
253 1222 319 1281 quas
341 1222 377 1263 ea
400 1203 438 1263 de
459 1224 489 1263 re
511 1214 627 1277 cavent,
639 1202 778 1272 violavit:
800 1202 1033 1263 recentissimum
1052 1213 1152 1263 autem
1173 1204 1240 1281 ejus

143 1290 316 1367 facinorum,
331 1294 437 1375 navigii
457 1296 664 1358 indicationem
684 1316 751 1357 essa
767 1295 936 1376 reperimus.
977 1298 1164 1376 Quapropter
1177 1295 1243 1357 hoec

142 1382 174 1445 in
189 1386 335 1448 delatione
349 1388 509 1469 perscripta
522 1389 593 1449 milri
607 1400 689 1470 pater
702 1389 794 1450 dedit.
837 1378 882 1449 Ac
899 1390 1024 1469 primum
1036 1390 1086 1450 lex
1098 1390 1182 1449 vobis
1194 1409 1241 1449 re·

143 1477 279 1539 citabitur
301 1479 351 1541 ills
368 1480 405 1541 de
427 1481 623 1543 indicantibus
648 1493 678 1543 et
697 1483 965 1563 praevaricantibus,
980 1493 1011 1543 et
1034 1492 1139 1543 contra
1158 1483 1241 1561 leges
1308 1486 1313 1496 '

141 1590 211 1631 cum
226 1572 399 1633 adversariis
413 1576 657 1655 trapsigentibus;
679 1575 748 1635 hinc
772 1575 849 1635 enim
865 1574 1076 1654 auspicandum
1089 1593 1156 1634 esse
1169 1572 1242 1633 mibi

141 1662 305 1723 orationem
318 1683 448 1724 censeo.
470 1665 577 1727 deinde
590 1666 749 1727 indicatio
740 1684 816 1746 ipsa,
829 1684 889 1798 qua
903 1664 959 1725 iste
970 1664 1081 1726 Micoui
1090 1662 1241 1745 negotium

143 1753 277 1815 facessit
320 1755 435 1817 Recita.

509 1961 600 2023 LEX.
643 1961 878 2023 INDICATIO.

143 2100 212 2161 Lex
235 2101 310 2175 hoec,
324 2103 457 2178 Judices,
479 2103 699 2166 instituentibus
720 2114 773 2166 aut
795 2103 913 2186 publice
933 2121 1084 2176 accusare,
1096 2116 1149 2164 aut
1167 2104 1242 2165 indi·

143 2212 223 2266 csrc,
238 2208 290 2255 aut
313 2197 462 2279 quippiam
484 2198 564 2259 aliud
586 2218 687 2259 eorum
706 2199 805 2259 iacere
823 2218 891 2278 quae
908 2197 939 2257 in
961 2198 1028 2277 lege
1041 2199 1149 2278 scripta
1162 2208 1243 2271 sunt,

142 2288 300 2368 perspicae
320 2290 487 2365 denunciat,
511 2292 617 2373 quibus
640 2292 857 2354 conditionibus
880 2290 986 2353 horum
1009 2292 1149 2371 quaelibet
1171 2294 1242 2353 laci-

143 2380 224 2441 cuda
237 2382 320 2441 sint·
350 2384 406 2444 Hm
420 2395 517 2446 autem
532 2395 610 2459 sunt,
625 2396 658 2445 ut
671 2405 709 2447 cx
720 2386 787 2467 ipsa
799 2386 866 2467 legs
879 2384 1043 2458 audivistis,
1055 2385 1081 2444 si
1094 2384 1159 2465 quis
1172 2387 1245 2445 acti·

144 2490 233 2533 onem
248 2485 419 2553 persecutus
433 2477 563 2555 quintam
578 2478 784 2557 suffragiorum
795 2487 909 2558 partem
923 2497 982 2537 non
995 2476 1104 2550 tulerit,
1119 2488 1151 2536 ut
1164 2476 1245 2539 milla

143 2565 301 2628 drachmas
317 2569 422 2639 solvat,
436 2569 517 2647 quod
531 2570 556 2628 si
569 2588 626 2629 non
648 2581 852 2650 persequatur,
866 2571 1040 2643 Theocrine,
1061 2570 1133 2630 alias
1147 2570 1243 2631 mille:

143 2668 180 2717 ut
201 2679 298 2738 neque
322 2660 562 2720 calumniatorem
588 2670 659 2739 agat
681 2661 844 2740 quisquam,
867 2681 966 2741 neque
985 2663 1156 2741 impunitate
1176 2681 1245 2742 pro-

142 2751 243 2832 posita
256 2752 471 2831 prmvaricetur‚
486 2763 539 2813 aut
551 2752 699 2813 condonet
713 2754 833 2832 publica
846 2755 975 2832 negotia.
1019 2755 1145 2813 Affirmo
1158 2753 1247 2831 igitur

143 2840 202 2901 bac
226 2840 372 2902 delatione
394 2844 485 2903 teneri
503 2842 691 2903 Theocrinem
695 2844 799 2923 ,quod
818 2843 969 2904 Miconem
992 2843 1246 2904 Chollidemindi·

144 2932 229 3007 carit,
242 2953 297 2995 uec
311 2934 349 2996 sit
368 2945 550 3015 persecutus,
563 2935 617 2995 sed
631 2945 754 3019 accepta
771 2936 897 3015 pecunia
909 2937 1058 3015 negotium
1071 2935 1245 2998 vendiderit

146 3022 187 3083 Et
207 3024 266 3086 hoc
287 3036 406 3113 aperte·
411 3026 628 3099 demonstrabo,
650 3036 685 3087 ut
707 3046 765 3107 ego
792 3028 924 3089 arbitror.
967 3030 1143 3107 Quanquam
1168 3029 1246 3089 enim

145 3114 335 3191 l'heocrines,
349 3116 513 3190 oJudices,
534 3118 639 3197 suique
654 3120 800 3199 gregales,
814 3118 886 3179 nibil
910 3139 970 3179 non
990 3120 1125 3181 fecerunt
1146 3121 1247 3201 appel·
1338 3154 1342 3164 ·

145 3210 243 3273 landis
257 3213 392 3285 testibus,
406 3213 448 3273 eis
467 3214 573 3293 partim
593 3212 760 3275 minitantes
762 3214 889 3295 ,partim
902 3214 1083 3294 pollicentes,
1103 3235 1141 3275 ue
1163 3215 1246 3277 testi·

146 3303 279 3365 mobium
293 3303 410 3373 dicaut;
432 3314 532 3365 tamen
557 3304 582 3364 si
606 3324 660 3365 vos
683 3325 736 3385 pro
759 3305 854 3367 officio
872 3326 921 3367 me
943 3306 1122 3388 adjuveritis,
1139 3327 1248 3389 eosque

141 3393 300 3478 jusseritis,
313 3416 349 3457 ac
361 3396 459 3477 potius
474 3396 612 3477 adigente
625 3416 683 3469 me,
699 3417 753 3459 vos
766 3418 826 3459 una
838 3398 995 3479 adegeritis
1004 3419 1055 3460 eos
1070 3398 1122 3462 aut
1134 3402 1247 3476 testari,

146 3497 200 3550 aut
211 3488 334 3570 ejurare,
348 3508 444 3568 neque
456 3488 585 3550 cavillari
596 3508 647 3549 eos
663 3488 798 3565 siveritis,
814 3511 915 3551 serum
927 3492 1100 3554 inuenietur.
1141 3492 1248 3555 Recita

145 3582 235 3663 igitur
248 3578 604 3663 primumindicationem,
619 3580 727 3643 deiude
741 3583 919 3646 testimonia.

585 3812 820 3873 INDICATIO.

148 3970 240 4033 Hanc
262 3970 469 4033 indicationem
489 3968 622 4030 exhibuit
642 3970 710 4042 istc,
725 3968 857 4041 ludices,
871 3967 989 4028 Miconc
1000 3974 1153 4038 accusato,
1167 3982 1247 4025 eam-

149 4083 208 4143 que
222 4064 319 4126 scriba
330 4072 478 4125 mercatus
492 4071 659 4123 curatorum
673 4060 895 4143 Euthppbemus
909 4058 1034 4141 accepit,
1048 4057 1158 4137 diuque
1180 4067 1248 4118 aute

150 4156 305 4219 concilium
328 4157 468 4218 indicatio
492 4154 644 4237 proposita
665 4152 768 4235 jacuit,
782 4152 880 4234 quoad
901 4151 957 4213 iste
981 4160 1105 4231 accepta
1124 4150 1251 4231 pacatula

151 4248 272 4313 missam
294 4269 360 4311 eam
380 4250 460 4323 lecit,
474 4248 695 4309 recensentibus
712 4246 898 4328 pratoribus,
911 4256 943 4305 et
962 4264 1031 4306 eum
1051 4242 1088 4304 ad
1110 4244 1250 4324 quastio-

153 4362 222 4405 uem
234 4341 418 4404 vocantibus.
451 4340 525 4402 Hac
539 4351 603 4402 uta
616 4359 743 4401 merere
759 4337 817 4399 dici
831 4347 954 4413 constet,
964 4336 1089 4419 primum
1103 4355 1186 4410 voca,
1201 4336 1252 4417 qui

47 4518 50 4529 Ι
153 4437 376 4520 magistratuum
389 4434 485 4499 scriba
498 4444 560 4495 tum
574 4433 640 4510 luit,
655 4431 903 4514 Euthypbemum.
