2967 5017
436 316 481 378 lN
502 313 860 380 camerancensi.
1138 317 1199 377 δι’]

98 472 267 554 confingat,
288 469 455 554 pactionem
467 481 577 546 auum,
589 473 677 552 quam
690 473 816 535 ιιοιιιιι
826 488 875 534 me
888 470 970 545 dicit,
982 487 1002 532 a
1012 468 1096 532 robls
1108 469 1200 532 aediti

105 579 243 650 oportere
257 586 317 628 non
330 566 484 648 opinmrul
504 567 569 647 Ego
582 585 651 630 raro
671 575 736 629 tum
758 585 858 629 coram
878 566 913 628 iis
926 565 1049 628 testibus
1060 565 1111 644 qui
1125 562 1198 625 ade·

103 670 170 722 rant
184 679 251 721 sum
265 659 441 741 provocavit
462 667 494 720 et
514 677 592 720 nunc
613 659 702 728 etiam
722 679 822 722 eoram
838 659 919 722 robis
938 657 1084 740 judicibus
1096 674 1196 716 rursus

103 772 239 833 provoco,
255 763 286 812 et
298 761 369 833 peto
383 759 417 812 ut
428 753 453 813 is
467 750 625 832 permittat,
637 761 672 812 ut
690 771 747 832 ego
764 751 912 833 permitto,
932 749 1036 832 aperiri
1052 749 1100 809 bic
1111 747 1144 808 in
1151 749 1201 829 ju·

103 841 368 925 diciopactionam,
388 853 420 904 et
438 844 551 906 recitml
564 844 645 906 robis
664 853 694 906 et
716 862 817 904 rursus
829 842 975 924 obsignari
987 861 1087 904 eoram
1106 840 1201 904 vobis.

102 935 300 998 Androelides
313 934 481 998 armaio
495 933 597 998 adest:
618 936 765 1016 egoenim
785 936 815 998 ei
830 935 1005 998 denunciari
1026 945 1062 996 ut
1082 935 1201 998 aduret

100 1028 238 1108 pactione
251 1045 352 1088 secum
363 1026 421 1088 huc
434 1029 533 1091 allata.
574 1027 616 1090 Et
627 1029 774 1110 permitto,
785 1029 918 1104 ludices,
929 1039 963 1090 ut
974 1048 1011 1090 aa
1026 1028 1116 1090 rel'in
1135 1047 1202 1090 mea

101 1120 152 1180 rel
176 1119 207 1179 ln
228 1119 317 1201 ipsius
334 1120 596 1196 aunonensem
616 1123 710 1202 priore
729 1122 789 1184 sive
812 1122 842 1182 iu
864 1123 1032 1204 posteriore,
1045 1121 1201 1204 aperiatur.

103 1211 186 1274 Nihil
199 1215 278 1274 enim
291 1232 357 1275 mea
374 1214 515 1276 interest:
537 1215 591 1276 sed
611 1233 665 1278 vos
679 1216 781 1277 audire
800 1215 868 1277 volo
881 1211 1046 1297 pactionem
1065 1225 1098 1276 et
1105 1213 1202 1297 jusju-

101 1305 228 1366 randum
251 1305 331 1386 quod
351 1316 453 1368 mutuo
474 1305 620 1381 dedimus,
644 1327 702 1388 ego
725 1320 756 1369 et
779 1307 1018 1389 olympiodorus.
1059 1307 1150 1376 Quod
1176 1306 1202 1367 si

101 1397 249 1473 concedit,
261 1396 334 1458 flet'
326 1407 376 1473 rte,
390 1407 421 1459 et
433 1415 486 1460 ros
496 1398 632 1460 audite'
609 1419 633 1460 ιι
653 1399 701 1460 isti
715 1399 878 1461 videbitur:
899 1400 945 1462 sin
965 1400 1024 1462 hoe
1036 1400 1134 1461 lacere
1146 1417 1201 1458 no-

102 1487 202 1564 luerit,
216 1507 315 1550 nonne
324 1490 388 1569 jam
401 1489 499 1571 palam
512 1492 577 1564 erit,
590 1490 722 1564 ludices,
745 1509 812 1553 eom
829 1491 959 1553 omnium
972 1491 1123 1553 bominum
1135 1507 1202 1550 esse

100 1579 412 1686 impudentissimuml
431 1601 525 1661 usqne
539 1582 670 1642 ullum
646 1603 710 1662 ejus
723 1560 842 1644 verbum
857 1603 945 1664 porro
954 1583 1110 1664 quicquam
1122 1581 1216 1663 apud·

98 1691 155 1734 vos
170 1671 351 1732 auctoritatis
363 1673 471 1733 habere
484 1673 635 1753 oporterel

145 1767 196 1824 13.
218 1763 279 1825 Sed
299 1765 369 1844 quid
392 1784 568 1846 magnopere
581 1765 752 1826 contendol
780 1765 886 1846 Neque
907 1762 984 1825 ‘enim
1002 1765 1066 1844 ipse
1078 1763 1202 1844 ignorat,

98 1856 175 1916 mihi
188 1874 208 1917 s
221 1875 253 1916 se
273 1855 334 1917 fieri
347 1857 490 1933 injuriam,
511 1857 570 1918 lieri
595 1867 625 1918 et
648 1857 703 1918 diis
717 1857 937 1930 immortalibus,
952 1876 1075 1937 quorum
1093 1877 1201 1918 numen

95 1948 209 2027 juravit
222 1958 253 2008 st
263 1949 424 2028 pejeravit:
445 1961 550 2011 emota
567 1950 673 2010 mentis
686 1961 742 2024 est,
752 1950 883 2023 ludices,
899 1961 931 2011 et
943 1949 1059 2030 desipit.
1092 1950 1203 2012 Invitus

100 2039 239 2120 equidem
253 2039 331 2100 lucio
344 2051 434 2118 atque
446 2042 588 2102 erubesco
599 2040 695 2102 dicere
708 2041 788 2122 apud
801 2062 865 2116 vos,
875 2040 894 2102 J
896 2041 1007 2115 udices,
1018 2040 1049 2101 id
1062 2041 1142 2122 quod
1155 2041 1201 2102 di-

100 2141 207 2192 cturus
221 2149 297 2204 snm,
306 2129 361 2192 sed
373 2150 464 2212 cogor
475 2133 583 2212 eloqui,
595 2143 628 2193 ut
638 2151 701 2206 vos,
714 2133 926 2214 pronunciandi
940 2133 1113 2194 auctoritate
1125 2153 1201 2214 prrs-

100 2223 167 2294 diti,
177 2224 311 2284 omnibus
324 2221 430 2284 auditis
441 2223 479 2285 de
492 2225 577 2284 nobis
590 2224 620 2285 id
634 2225 714 2306 quod
726 2227 868 2306 optimum
887 2226 970 2288 iactu
983 2225 1129 2287 ridebitur
1143 2237 1202 2287 sta-

101 2316 205 2380 tualis.
247 2318 356 2378 Eorum
368 2337 437 2379 vero
450 2339 517 2397 quae
531 2316 648 2379 dicam
640 2327 697 2380 rste
717 2330 817 2380 auctor
831 2329 886 2393 est,
901 2340 952 2400 qur
943 2319 1044 2401 apud
1060 2331 1202 2400 cognatos

101 2410 149 2472 his
173 2413 211 2472 de
234 2411 320 2472 rebus
341 2429 455 2471 mecum
475 2410 637 2491 transigere
658 2431 717 2472 uon
735 2411 810 2483 vult,
830 2411 883 2473 sed
902 2411 1086 2493 impudenter
1105 2423 1203 2494 negat.

103 2487 344 2608 Olympiodor'us,
364 2501 497 2572 ludices,
512 2501 706 2564 mulierem'
681 2523 775 2564 errem
799 2503 914 2584 legrbus
930 2507 1033 2566 vestris
1055 2525 1203 2585 nunquam

103 2595 199 2669 duxit,
212 2613 246 2655 ae
260 2597 288 2655 ei
301 2593 384 2655 liberi
397 2613 493 2672 neque
508 2606 577 2655 sunt
586 2613 682 2674 nsque
692 2596 754 2656 nati
764 2595 902 2657 luerunt.
923 2597 976 2658 sed
987 2607 1114 2658 scortum
1124 2597 1203 2659 domi

103 2687 287 2767 redemptum
299 2687 399 2747 habet.
441 2685 521 2770 lllud
535 2681 582 2748 eit
593 2687 673 2767 quod
687 2707 741 2748 nos
751 2707 855 2748 omnes
869 2689 1006 2768 exagitet,
1020 2700 1051 2750 et
1062 2691 1151 2750 istum
1164 2690 1203 2751 ad

105 2779 246 2860 majorem
265 2779 406 2840 insaniam
421 2778 561 2858 impellat
602 2779 649 2840 An
664 2799 731 2840 vero
745 2799 804 2840 non
822 2779 968 2840 insanitis
983 2781 1043 2859 qui,
1057 2801 1124 2861 qum
1137 2801 1205 2862 pro·

106 2873 185 2932 misit
205 2880 236 2932 et
258 2871 370 2954 pepigit
393 2870 495 2932 volens
516 2891 584 2932 oum
608 2871 724 2932 volente
751 2881 782 2931 et
800 2870 991 2951 jurejurando
1012 2873 1204 2947 confirmarit,

106 2984 207 3026 eornm
223 2963 295 3024 nihil
313 2963 468 3044 quicquam
489 2964 688 3044 prestandum
709 2962 834 3024 censet?
853 2982 901 3023 me
919 2963 1079 3043 prasertim
1092 2961 1205 3025 nonde

106 3059 218 3139 meipso
231 3056 374 3117 duntaxat
385 3053 510 3128 solicito,
525 3055 577 3116 sed
591 3067 623 3117 et
631 3057 668 3117 de
681 3055 765 3117 istius
779 3073 879 3117 sorore
893 3055 1205 3136 permaneatuterina‚

107 3169 193 3231 quam
207 3169 265 3230 ego
277 3147 308 3209 in
321 3148 502 3210 matrimonio
515 3149 621 3223 habeo,
632 3159 662 3210 et
674 3150 712 3209 de
722 3149 807 3210 istius
816 3159 915 3228 nepte,
929 3168 996 3210 mea
1005 3147 1104 3210 filiola.
1146 3149 1204 3209 Hm

107 3243 188 3304 enim
203 3249 274 3304 sunt
286 3241 390 3322 quibus
404 3259 463 3302 uon
477 3241 570 3302 minor
581 3242 619 3302 sit
631 3261 719 3321 quam
728 3241 799 3301 mihi
813 3241 926 3322 injuria,
935 3242 987 3302 sed
1002 3243 1093 3323 major
1106 3243 1205 3304 etiam.

109 3337 215 3398 Nonne
238 3346 335 3397 autem
347 3335 450 3416 injuria
463 3335 505 3395 eis
518 3335 562 3407 fit,
576 3343 608 3395 ct
620 3334 717 3414 inique
732 3353 801 3392 oum
818 3333 861 3394 eis
881 3333 988 3413 agitur,
1004 3353 1071 3394 cum
1087 3333 1207 3395 rideant

108 3429 190 3489 istius
203 3429 385 3490 meretricem
405 3427 482 3488 ultra
504 3446 592 3507 quarn
606 3435 711 3488 estest
731 3437 762 3486 et
776 3426 862 3486 decet
882 3427 1006 3487 multum
1018 3427 1128 3487 habers
1143 3425 1207 3487 anri

109 3533 140 3583 et
151 3532 266 3583 vestem
281 3519 477 3602 splendidam,
492 3531 523 3580 et
534 3518 687 3601 splendide
703 3527 789 3598 atque
803 3519 963 3580 insolenter
976 3519 1090 3600 prodire
1102 3519 1133 3579 in
1150 3539 1207 3598 pu·

106 3615 227 3689 bllcurrr,
242 3623 273 3676 et
293 3614 331 3674 de
348 3623 450 3673 nostro
470 3613 627 3692 superbire,
643 3632 675 3673 se
697 3613 807 3672 veroin
827 3611 873 3671 his
888 3612 974 3671 rebus
990 3610 1125 3672 omnibus
1140 3629 1206 3671 esse

109 3706 275 3767 tenuiores?
297 3705 403 3765 Nonne
426 3705 483 3766 illis
506 3705 597 3785 major
617 3703 652 3764 lit
670 3723 759 3785 quam
778 3703 848 3764 milri
862 3702 986 3785 injurial
1019 3705 1124 3763 Nonne
1136 3721 1207 3769 uero

107 3799 164 3860 iste
185 3811 286 3880 aperte
298 3797 407 3860 insanit
418 3809 448 3856 et
461 3795 576 3868 delirat,
590 3796 640 3876 qui
654 3797 696 3856 ita
715 3795 746 3856 in
760 3797 951 3877 semetipsum
972 3791 1129 3855 consulati
1158 3791 1206 3853 Ne

109 3910 176 3952 vero
199 3890 289 3964 dieat,
302 3890 436 3964 ludices,
450 3908 503 3970 per
526 3889 702 3952 calumniam
726 3888 792 3949 haeo
813 3907 831 3949 a
852 3907 900 3949 me
916 3888 985 3961 dici,
997 3887 1085 3966 hujus
1103 3884 1207 3966 judicii
1336 3899 1342 3914 ·

109 4003 207 4060 eausa,
221 3983 419 4047 testimonium
433 3983 516 4044 vobis
529 3981 698 4042 recitabitur
716 3991 909 4062 cognatorum
923 3980 1007 4042 istius
1021 3989 1052 4039 et
1064 3997 1206 4040 meorum.

502 4197 813 4260 TESTIMONIUM.

111 4342 343 4426 Olympiodorus
363 4344 449 4424 igitur
473 4344 538 4404 talis
560 4343 649 4403 homo
669 4352 725 4416 est,
746 4359 805 4402 non
824 4341 913 4401 modo
935 4340 1068 4422 injurius,
1082 4345 1135 4405 sed
1158 4346 1208 4425 qui

108 4438 199 4500 etiarn
218 4438 346 4502 insanire
369 4439 502 4500 videatur
521 4437 653 4498 omnibus
674 4434 809 4514 cognatis
829 4445 862 4496 et
875 4435 1074 4511 familiaribus,
1088 4457 1124 4498 eo
1143 4439 1209 4499 vuae
