2967 5017
254 309 314 371 8³6
685 303 909 370 EPISTOLAE.

253 458 352 520 omnia
373 459 601 540 mussqnamini.
643 459 718 530 Ques
736 461 826 542 igitur
846 459 898 522 illa
916 457 1006 522 sunt?
1026 457 1131 538 Neque
1150 455 1263 518 civitati
1281 455 1352 530 ulli,
1469 449 1470 528 l

253 571 351 633 neque
368 550 436 614 ullis
449 553 518 614 viris
540 554 592 633 qui
612 554 756 636 cujusque
772 554 852 616 urbis
877 560 975 614 vetera
988 550 1123 612 instituta
1141 549 1352 625 defenderunt,
1469 533 1470 628 l

252 646 439 708 irascendum
459 656 515 720 est,
527 647 581 708 sed
594 644 722 708 delenda
737 648 835 728 potius
850 667 888 707 ex
901 645 1003 706 animis
1016 643 1154 706 memoria
1166 643 1348 724 injuriemus.
1469 683 1470 688 κ

254 739 331 800 Nam
344 739 508 800 istiusmodi
522 749 617 800 metris
631 740 731 812 efficit,
745 739 843 821 utqui
856 759 888 800 se
904 737 1067 810 suaderetis,
1078 737 1109 798 in
1127 737 1282 798 manifesto
1295 759 1350 817 pe-
1469 729 1470 746 ¹

251 831 343 892 riculo
356 832 551 904 versantibus,
565 833 746 893 necessarios
760 851 827 893 esse
839 831 946 904 sciunt,
960 849 1046 912 opem
1066 829 1169 892 iisdem
1191 833 1350 911 promptis·
1469 823 1470 894 l

252 923 325 983 sime
337 923 450 984 ferantz
471 925 520 1003 qui
534 935 614 985 metu
633 924 691 986 isto
710 924 823 986 liberati
840 943 941 984 omnes
962 923 1033 982 fient
1047 922 1186 982 mitiores.
1226 923 1263 981 ln
1283 944 1345 1004 quo
1469 929 1470 1006 q

251 1034 312 1074 non
335 1034 425 1094 parva
446 1024 493 1075 est
519 1014 639 1076 utilitas.
680 1016 726 1075 Ac
750 1007 912 1096 oppidatim
935 1016 1113 1094 proclamare
1133 1013 1203 1074 talia
1221 1013 1346 1074 stultum

249 1107 349 1180 luerit,
362 1106 420 1166 imo
442 1125 480 1166 ne
501 1106 562 1166 lieri
585 1105 703 1186 quidem
720 1106 752 1167 id
773 1117 884 1188 potest:
907 1107 961 1167 sed
973 1117 1060 1186 prout
1078 1124 1131 1166 vos
1145 1125 1211 1166 cum
1235 1106 1346 1167 civibus
1469 1123 1470 1184 l

250 1199 354 1259 restris
369 1198 466 1279 egisse
478 1199 612 1272 viderint,
626 1201 667 1261 ita
690 1200 822 1260 efficietis
841 1211 874 1259 ut
895 1199 1017 1279 quisque
1037 1217 1103 1258 cum
1124 1199 1236 1258 caeteris
1257 1199 1347 1260 etism
1469 1185 1470 1230 ³

252 1301 349 1352 actum
368 1293 406 1352 iri
414 1303 575 1374 exspectet.
617 1292 745 1354 Proinde
768 1312 874 1354 censeo
897 1311 990 1372 neque
1011 1289 1166 1363 civitatem,
1181 1311 1275 1371 neque
1289 1293 1346 1352 du·
1469 1343 1470 1348 ,

250 1403 435 1464 nemusque
449 1396 601 1458 oratorem,
611 1404 707 1465 neque
724 1386 869 1465 plebeium
883 1403 1060 1465 quemquam
1074 1401 1184 1457 eorum,
1198 1386 1247 1462 qui
1261 1395 1344 1444 ante·
1469 1463 1470 1466 Ἴ

250 1479 307 1542 hae
320 1500 387 1542 eum
401 1480 566 1541 defendisse
584 1489 694 1540 statum
708 1480 759 1560 qui
773 1489 834 1538 turn
849 1479 905 1538 fuit
917 1479 971 1538 visi
994 1489 1071 1551 sunt,
1086 1495 1266 1557 equaquam
1283 1477 1345 1538 ullo
1469 1505 1470 1508 ¹

250 1573 339 1633 modo
361 1574 410 1633 rel
433 1571 595 1633 taxandum
620 1571 667 1632 vel
691 1571 925 1653 objurgandum:
952 1570 1006 1631 sed
1031 1569 1254 1631 concedendum
1280 1591 1347 1632 esse
1469 1569 1470 1578 ³

250 1665 317 1740 hoc,
330 1685 432 1726 omues
453 1665 532 1725 cives
553 1685 590 1725 ea
611 1665 706 1744 egisse
726 1685 791 1746 que
811 1664 982 1746 oportuerit,
997 1673 1151 1746 postquam
1164 1663 1346 1742 benignitate
1469 1683 1470 1686 ’

250 1756 339 1817 deum
354 1768 525 1818 conservata
536 1758 688 1836 republica
700 1758 785 1819 uobis
797 1758 909 1818 licitum
922 1767 981 1842 est
989 1757 1027 1816 de
1042 1756 1166 1835 integro,
1181 1765 1278 1817 vestm
1300 1776 1345 1816 ar-
1442 1767 1444 1772 ·

250 1850 369 1920 bitretu,
384 1849 554 1924 deliberare,
566 1860 598 1910 et
611 1849 810 1929 cogitandum,
824 1848 1071 1929 quemadmodum
1090 1848 1121 1906 in
1143 1849 1220 1921 navi,
1233 1867 1301 1908 cum
1314 1848 1344 1908 bi
1469 1913 1470 1936 ,

250 1942 452 2016 velificatione,
478 1943 521 2002 illi
545 1943 735 2021 remigatione
762 1942 904 2000 utendum
924 1950 1057 2018 censent,
1078 1940 1136 2002 dici
1156 1945 1194 2002 ab
1217 1943 1344 2021 numque

250 2033 351 2096 omnia
369 2043 488 2114 propter
503 2033 629 2094 salutem
648 2032 797 2104 urendam,
810 2033 841 2092 id
853 2052 922 2092 vero
934 2033 1085 2112 praelatum
1105 2053 1172 2094 esse
1193 2035 1345 2096 consilium
1469 2079 1470 2082 ,

233 2127 333 2204 ‚quod
346 2144 414 2185 cum
427 2124 711 2185 deorumroluntste
724 2124 899 2203 congruerit.
941 2124 1031 2194 Quod
1045 2123 1121 2185 side
1140 2127 1295 2205 praeteritis
1309 2129 1346 2188 ad
1469 2131 1470 2184 3

250 2218 332 2278 hunc
346 2217 467 2279 modum
486 2217 657 2288 statueritis,
673 2228 705 2278 ct
715 2215 805 2276 fidem
817 2216 968 2277 invenietis
980 2219 1057 2297 apud
1074 2237 1186 2291 omnes,
1200 2231 1231 2278 et
1249 2221 1345 2281 officio

251 2312 395 2372 benorum
413 2309 539 2370 virorum
559 2307 733 2387 fungamini,
748 2318 837 2370 atres
852 2318 964 2369 vestras
978 2329 1038 2369 nou
1051 2329 1155 2390 parurn
1171 2311 1300 2392 erigetis,
1315 2324 1344 2374 et
1469 2379 1470 2382 Ἴ

251 2423 302 2464 eos
316 2402 407 2482 quiin
420 2403 541 2463 urbibus
554 2401 701 2462 adversati
713 2401 797 2462 vobis
811 2401 930 2462 fuerunt
942 2422 978 2462 eo
992 2403 1143 2483 redigeris,
1164 2415 1197 2464 ut
1212 2415 1265 2466 aut
1277 2426 1345 2468 con·
1469 2431 1470 2434 ¹

203 2479 213 2491 ⁵
252 2495 315 2555 silia
328 2505 443 2555 mutent
455 2513 566 2568 omnes,
584 2505 636 2554 aut
651 2493 769 2554 omniuo
783 2494 873 2573 aliqui
886 2514 952 2556 esse
966 2495 997 2554 in
1016 2497 1107 2578 culpa
1115 2497 1169 2576 ipsi
1182 2497 1343 2560 videantur.
1469 2497 1470 2504 '

252 2587 329 2656 Quae
347 2585 465 2668 igiture
480 2585 644 2667 Republica
655 2595 733 2659 sunt,
748 2605 784 2648 ea
793 2587 915 2666 ‘magnis
928 2586 1030 2649 animis
1044 2601 1075 2650 et
1087 2588 1208 2650 civiliter
1221 2590 1345 2651 admini-

252 2690 355 2753 strate,
368 2680 587 2760 etprivatarum
607 2697 704 2739 rerum
725 2680 928 2741 recordamini.
969 2683 1065 2760 Atque
1078 2681 1142 2742 haec
1156 2701 1213 2762 ego
1230 2701 1343 2756 moneo,

252 2792 313 2832 non
340 2774 465 2835 eandem
487 2772 698 2848 humanitatem
718 2767 858 2853 expertus
878 2773 957 2853 apud
981 2773 1148 2846 nonnullos,
1166 2773 1219 2834 sed
1239 2795 1291 2855 per
1303 2778 1345 2836 in·

247 2865 354 2947 juriam
368 2875 399 2926 et
412 2864 584 2926 seditionem
596 2866 626 2925 in
640 2866 760 2926 eliorum
775 2867 898 2946 gratiam
913 2866 996 2945 quasi
1015 2866 1197 2946 propinatus.
1237 2867 1344 2928 Verum

156 3011 160 3019 .
251 2979 306 3020 nec
320 2960 439 3040 privatae
452 2959 606 3040 explendae
618 2959 776 3019 iracundie
787 2958 880 3037 gratia
889 2960 1053 3038 reipublicae
1063 2961 1224 3022 commodis
1237 2980 1344 3022 nocen-

251 3051 323 3111 dum
343 3063 425 3132 puto,
447 3071 543 3132 neque
567 3051 657 3111 ullam
680 3050 785 3129 privati
807 3050 866 3111 odii
888 3061 1001 3130 partem
1023 3053 1147 3134 publicis
1170 3054 1343 3116 utilitatibus

250 3143 417 3205 admisceo:
439 3143 493 3203 sed
505 3143 544 3202 ad
557 3163 622 3221 quse
636 3141 709 3200 elios
723 3142 873 3214 adhortor,
885 3163 922 3204 ea
934 3144 1003 3204 mihi
1016 3145 1110 3225 primo
1130 3165 1196 3207 esse
1210 3147 1345 3209 iacienda

244 3253 371 3294 censeo.
413 3235 488 3302 Qum
498 3233 585 3314 igitur
597 3234 801 3313 praeparanda,
816 3255 941 3316 queque
954 3239 1086 3301 cavenda
1096 3243 1184 3312 sunt,
1197 3249 1228 3300 et
1241 3240 1344 3319 quibus

250 3325 375 3404 agendis
388 3328 542 3405 (qnantum
565 3325 682 3404 quidem
704 3326 833 3389 hnmano
854 3329 975 3390 consilio
993 3332 1138 3410 provideri
1154 3335 1265 3411 potent)
1277 3353 1344 3412 pro·

251 3416 391 3498 spessime
408 3418 450 3478 uti
474 3437 614 3481 successu
636 3439 722 3498 posse
735 3419 902 3492 videamini,
917 3422 978 3482 iere
993 3443 1070 3484 ame
1090 3435 1136 3485 est
1149 3425 1341 3505 explicatum:

252 3509 429 3589 quotidianis
441 3521 539 3571 autem
554 3512 679 3591 negotiis
692 3531 832 3593 praeesse,
846 3523 876 3573 et
896 3515 1013 3578 casibus
1031 3517 1133 3577 subitis
1153 3511 1231 3578 recte
1248 3519 1301 3588 uti,
1315 3530 1346 3579 et

250 3605 394 3686 cujusque
409 3602 451 3664 rei
465 3603 629 3683 intelligere
642 3606 822 3680 messiones,
830 3615 860 3667 et
868 3607 1012 3686 judicare,
1027 3628 1093 3688 que
1105 3629 1150 3671 res
1163 3603 1344 3689 benignitate

250 3697 403 3756 verborum
421 3695 545 3756 obtineri
567 3696 692 3776 possint,
706 3717 773 3777 quse
796 3699 867 3758 item
887 3699 1134 3780 riextorquendae
1152 3703 1220 3774 sint,
1235 3705 1344 3766 ducum

249 3789 381 3849 officium
394 3799 440 3850 est
459 3789 511 3870 qui
527 3790 615 3851 rebus
639 3789 876 3854 administrandis
899 3803 969 3852 sunt
988 3794 1128 3873 prefecti.
1171 3795 1238 3865 Qua
1256 3799 1344 3858 etism

251 3881 290 3942 de
302 3901 393 3943 caussa
410 3882 566 3943 durissima
588 3892 634 3943 cst
654 3881 788 3943 dicende
810 3884 840 3943 iu
859 3885 983 3946 concilio
1005 3889 1157 3948 sententia
1178 3890 1343 3968 prosincia:

249 3993 319 4035 nam
331 3985 412 4036 recte
425 3975 560 4035 consulta
573 3984 604 4034 et
617 3994 725 4055 magno
739 3975 837 4036 studio
861 3976 1019 4057 laboreque
1040 3981 1164 4058 probatu
1182 4000 1262 4060 saepe
1276 4001 1345 4062 pro·

250 4078 351 4147 pterea
364 4079 599 4150 corrumpuntur,
613 4068 693 4148 quod
707 4069 727 4127 ii
740 4068 791 4147 qui
804 4089 841 4130 ea
860 4071 890 4129 in
909 4071 1054 4132 mandatis
1067 4073 1178 4133 babent
1195 4073 1280 4136 aliter
1292 4094 1344 4135 ex·

251 4171 424 4240 sequuntur.
465 4162 554 4222 Nunc
563 4171 662 4222 tamen
672 4163 749 4223 bene
763 4181 937 4224 successura
949 4183 1015 4223 esse
1028 4166 1125 4224 omnia
1138 4185 1234 4247 spero.
1265 4167 1344 4228 Nam
1445 4231 1448 4240 ,

250 4251 276 4312 si
292 4253 358 4332 quis
372 4253 570 4314 Alexandrum
580 4272 619 4313 eo
632 4253 811 4314 fortunatum
824 4266 918 4335 putat,
931 4257 1011 4335 quod
1024 4257 1051 4317 ei
1068 4277 1208 4340 prospere
1222 4277 1342 4320 succes·

250 4355 352 4405 serunt
363 4347 470 4419 omnia,
483 4347 509 4406 is
522 4346 595 4406 illud
607 4356 732 4426 reputet,
744 4366 811 4408 eum
825 4348 940 4428 agendo
951 4359 981 4410 et
989 4349 1148 4412 laborando
1158 4361 1189 4412 et
1197 4351 1344 4426 audendo,

250 4457 310 4501 non
336 4437 508 4514 desidendo,
520 4439 613 4501 fuisse
627 4439 817 4502 fortunatum.
860 4439 1057 4523 Posteaquam
1069 4443 1157 4526 igitur
1170 4463 1247 4504 nunc
1266 4463 1344 4506 mor·
