2967 5017
546 333 604 392 DE
622 330 803 395 Notssrtlt.
1161 337 1220 397 585

131 484 240 544 nniari.
281 483 445 545 Contentus
460 491 525 546 esto
539 485 666 558 civitate,
682 487 801 566 opibus2
811 495 905 566 petre,
918 479 1061 548 inventis:
1083 507 1170 548 nemo
1191 499 1221 548 ts

129 575 209 636 hisce
223 574 322 653 pellit;
344 595 400 654 ego
413 585 493 636 certe
514 595 582 637 non.
625 576 686 636 Sed
708 576 742 648 si,
767 587 801 635 ut
823 577 977 656 profiteris,
990 578 1079 638 frater
1092 598 1134 650 es,
1149 579 1174 637 si
1192 590 1223 638 ct

6 663 7 676 ,
128 666 222 726 frutris
234 669 355 746 langere
370 667 480 741 officiis,
494 678 639 746 cognatus
653 662 718 728 esse
731 667 903 729 videberiss'
916 669 963 730 sin
981 681 1077 729 autem
1099 668 1221 729 insidis·

130 755 176 829 ris,
189 757 299 838 litigas,
313 758 437 834 invides,
449 759 610 834 maledicis,
624 760 770 822 videberis
787 761 817 820 in
838 761 936 822 aliens
955 762 1102 832 incidisse,
1123 757 1223 841 cisque

6 905 7 908 ,
130 845 226 910 amuli
239 858 350 927 utquse
363 851 401 911 ad
416 861 445 912 te
463 851 534 912 nibil
549 851 698 912 attineant.
741 852 821 911 Nam
837 871 895 931 ego
908 854 1038 933 quidem,
1051 854 1224 916 utmaxlme

130 949 158 1000 te
177 951 261 1019 peter
280 961 349 1002 cuns
370 963 442 1003 suus
462 963 543 1005 esses
564 963 624 1004 non
644 944 808 1023 sdoptnret,
821 944 953 1024 injuriam
978 946 1037 1004 tibi
1053 965 1112 1024 npn
1135 946 1223 1006 facio.

132 1030 195 1090 Nec
210 1034 287 1092 enim
302 1053 348 1120 me
362 1037 515 1114 exquirere
528 1036 627 1110 decet,
639 1037 690 1114 qui
706 1036 766 1096 sint
778 1037 855 1097 illius
868 1037 938 1098 lilii:
959 1038 1012 1098 sed
1027 1037 1109 1098 illum
1125 1047 1224 1098 osten·

131 1122 201 1184 dere
222 1125 333 1199 decuit,
352 1129 403 1206 qui
424 1128 495 1188 mihi
519 1149 569 1208 pro
589 1129 725 1189 iratribus
746 1129 875 1190 habendi
898 1142 1005 1192 essent.
1048 1132 1117 1197 Quo
1137 1129 1224 1208 igitur

130 1223 303 1294 temperate
317 1239 375 1280 non
389 1221 553 1300 adoptarat,
567 1241 662 1299 neque
680 1241 736 1301 ego
755 1231 786 1282 te
806 1222 844 1282 ad
861 1241 909 1282 me
927 1224 1050 1284 attinere
1067 1222 1223 1301 putabam:

6 1323 7 1392 j
129 1316 285 1386 postquam
307 1324 406 1372 sutem
427 1312 586 1391 adoptavit,
599 1324 630 1372 et
648 1333 704 1394 ego
724 1324 753 1373 te
774 1333 916 1392 agnosco.
957 1316 1024 1382 Quo
1039 1312 1146 1393 signo‘.l
1167 1313 1225 1372 Pa·
1264 1340 1268 1347 κ

6 1457 7 1462 ,
129 1401 251 1462 trimonii
263 1404 427 1482 portionem
440 1405 532 1466 habes
545 1416 614 1486 post
627 1407 737 1466 obitum
752 1407 854 1486 patris,
865 1417 896 1467 et
908 1409 938 1466 in
949 1409 1096 1467 sacrorum
1112 1417 1144 1466 et
1157 1424 1225 1486 pro·

130 1489 263 1554 unorum
277 1491 445 1558 societatem
459 1498 582 1559 venisti:
603 1499 667 1558 istis
681 1512 809 1572 semote
823 1499 952 1579 expellit.
980 1500 1060 1568 Quid
1073 1495 1212 1576 requiris?

173 1588 220 1645 13.
237 1587 268 1645 Si
284 1607 352 1650 vero
366 1590 465 1667 inique
479 1609 578 1650 secum
592 1591 640 1670 egi
651 1589 766 1662 dixerit,
777 1593 803 1650 si
816 1591 929 1650 fleverit
941 1602 972 1650 et
984 1590 1099 1669 ejularit
1111 1606 1226 1666 meque,

127 1679 286 1748 accusarit,
301 1679 398 1738 serbis
413 1681 477 1757 ejus
492 1681 582 1740 nolite
596 1681 852 1757 credere-nsque
865 1682 944 1741 enim
958 1700 1075 1758 aequum
1088 1689 1146 1750 est,
1160 1697 1227 1738 cunr

127 1787 211 1826 nunc
224 1787 261 1826 ea
280 1787 327 1826 res
341 1778 570 1845 uon'agaturu,
589 1769 643 1829 sed
656 1769 730 1828 illud
749 1771 924 1842 existimate,
938 1789 1026 1848 posse
1039 1770 1226 1830 nihilominus

125 1877 205 1918 eum
221 1856 246 1918 si
262 1858 384 1918 Boeotm
409 1869 533 1919 vocetur
554 1879 654 1938 ponas
675 1879 760 1919 nme
779 1878 906 1920 sumere.
947 1860 1027 1928 Quid
1047 1861 1138 1939 igitur
1156 1880 1227 1921 con·

127 1949 250 2010 tondis?
292 1949 339 2010 Ne
360 1950 495 2011 seceris..
530 1952 577 2010 Ne
598 1952 640 2012 ita
663 1952 794 2012 studiose
816 1962 932 2012 nostras
946 1952 1117 2012 inimicitias
1138 1971 1227 2032 expe·

130 2041 231 2102 tieris:
252 2043 438 2120 nequeenim
451 2063 508 2122 ego
522 2052 589 2104 tuas
603 2055 720 2124 expeto.
763 2044 839 2102 Nam
853 2045 1111 2110 etiamnunc-ne
1125 2053 1155 2104 te
1169 2045 1225 2104 hoe

131 2141 375 2212 praetereas-me
394 2145 476 2194 tuam
499 2153 587 2214 agere
600 2155 718 2198 causam
731 2134 830 2215 potius
850 2136 997 2214 profiteor,
1017 2155 1106 2215 quarn
1121 2155 1226 2207 meam,

132 2227 202 2286 dum
222 2227 253 2285 id
274 2245 331 2306 ago
353 2247 390 2286 ne
412 2228 490 2287 idem
511 2241 636 2308 uterque
654 2249 762 2289 nomen
781 2230 951 2288 habeamus.
995 2231 1037 2288 Ut
1055 2229 1139 2295 enirn
1154 2229 1227 2288 nihil

133 2317 222 2391 allud,
234 2319 308 2380 illud
323 2329 403 2378 certe
411 2319 478 2380 fieri
497 2339 619 2380 necesse
642 2329 689 2380 est
706 2330 740 2380 ut
758 2323 808 2399 qui
828 2321 963 2392 audierit,
975 2331 1097 2400 quierat,
1107 2319 1228 2379 utruml

133 2409 231 2469 siduo
244 2410 354 2470 suerint
368 2410 527 2471 Mentithei
544 2411 667 2471 Mentire
682 2411 740 2472 lilii.
783 2411 920 2484 Proinde,
936 2431 1003 2472 eum
1017 2424 1047 2471 te
1061 2412 1148 2484 dicet,
1161 2429 1228 2470 eum

133 2503 254 2582 inquiet,
269 2522 356 2582 quern
382 2503 522 2582 adoptare
545 2515 668 2564 coactus
692 2514 748 2563 est·
797 2493 877 2573 Quid
899 2506 988 2583 igitur
1009 2505 1073 2565 boec
1095 2503 1229 2585 expetisl

134 2595 215 2673 Cape
239 2595 298 2655 duo
323 2597 379 2654 ista
403 2595 571 2654 testimonia
588 2607 619 2655 et
637 2596 736 2668 recita,
752 2596 830 2654 unde
854 2597 1011 2668 constabit,
1033 2609 1146 2676 patrem
1160 2595 1230 2656 mibi

134 2685 300 2761 llantitbei,
314 2697 344 2748 et
356 2687 401 2747 isti
416 2687 511 2745 Boeoti
524 2705 629 2746 nomen
644 2688 827 2764 imposuisse.

547 2947 818 3010 TESTIMONIA.
923 2891 933 2908 ·

178 3132 225 3189 14.
248 3131 314 3194 Hoc
329 3139 437 3190 restare
450 3146 568 3198 censeo,
581 3125 664 3186 vobis
685 3136 718 3185 ut
737 3124 921 3196 ostendetur,
935 3123 1069 3194 ludices,
1088 3143 1141 3184 sos
1170 3143 1230 3183 non

133 3223 223 3284 modo
237 3220 369 3302 religioni
381 3231 486 3280 vestre
499 3211 694 3289 consulturos,
709 3219 734 3278 si
746 3211 860 3295 eaque
878 3235 934 3295 ego
949 3217 1015 3275 dico
1028 3214 1231 3284 decreveritiss
1319 3291 1323 3300 Ι

132 3316 189 3376 sed
213 3317 303 3376 istum
326 3316 421 3399 ipsum
444 3313 532 3374 etiam
554 3321 657 3389 suopte
677 3311 790 3388 judicio
810 3311 906 3368 Boeoti
927 3329 1045 3380 nomeu,
1068 3328 1128 3369 non
1143 3310 1231 3369 Man·

133 3408 218 3467 tithei
242 3405 349 3467 babere
371 3415 515 3485 oportere.
566 3403 642 3463 Nam
665 3421 732 3461 cum
757 3422 813 3480 ego
830 3402 974 3480 judicium
996 3400 1053 3460 boc
1076 3400 1232 3462 dictassem

133 3498 244 3558 Boeoto
259 3498 381 3558 Mentire
395 3497 429 3555 F.
445 3493 592 3565 Thoricio,
606 3502 637 3552 et
649 3494 747 3552 stetim
761 3493 913 3573 respondit
926 3501 957 3551 et
969 3491 1144 3551 calumniam
1150 3493 1233 3571 jura·

134 3590 189 3660 rit,
204 3609 239 3650 se
257 3609 323 3650 esse
341 3589 476 3648 Boeotum
489 3587 649 3667 profitens:
671 3584 809 3663 denique,
832 3604 900 3645 curri
919 3586 1102 3663 tergiversari
1123 3585 1232 3644 (liutius

133 3700 196 3740 non
214 3681 329 3753 liceret,
342 3699 375 3740 se
395 3681 547 3739 absentem
567 3677 698 3736 damnari
712 3679 750 3736 ab
762 3677 869 3736 arbitro
889 3695 1002 3755 pessus,
1022 3677 1091 3753 quid
1113 3676 1233 3734 obsecro

135 3771 229 3832 lacit?
260 3771 350 3830 Diem
374 3769 503 3830 vicissim
525 3767 594 3830 mibi
618 3767 689 3827 dicit
706 3767 851 3846 judicium
871 3787 938 3827 esse
962 3765 1086 3838 nullum,
1099 3766 1124 3824 is
1137 3765 1186 3842 qui
1200 3785 1232 3824 se

135 3875 207 3924 ante
221 3864 357 3924 Emotum
372 3862 543 3922 nominarat.
578 3859 671 3938 Atqui
685 3879 752 3918 eum
763 3859 801 3918 ab
815 3859 897 3918 initio
907 3869 1009 3946 contre
1023 3858 1156 3916 Boeotum
1167 3875 1233 3934 pro·

136 3957 272 4016 nunciati
291 3955 437 4035 judicium
460 3952 531 4033 pati,
543 3951 700 4036 siquidem
722 3951 752 4010 id
773 3969 879 4009 nomen
903 3949 973 4009 nihil
993 3949 1031 4007 ad
1053 3948 1146 4026 ipsum
1166 3946 1234 4008 stti·

136 4049 240 4118 nebat,
254 4057 286 4105 et
299 4065 359 4106 non
372 4055 440 4124 post
453 4044 530 4102 diem
544 4042 671 4101 vicissim
684 4040 780 4100 dicere
792 4041 829 4100 de
842 4039 924 4105 nullo
935 4037 1055 4116 judicio,
1068 4040 1234 4116 oportebat.

139 4139 199 4209 Qui
223 4139 311 4217 igitur
333 4138 397 4216 ipse
421 4137 555 4212 Bceotum
569 4135 636 4213 jure
651 4151 718 4192 esse
741 4152 775 4192 se
797 4129 1008 4210 pronunciavit,
1028 4119 1098 4206 quid
1114 4150 1133 4189 a
1152 4131 1235 4191 vobis
1281 4191 1283 4196 ,

116 4219 126 4244 ⁸
133 4231 242 4309 juratis
252 4229 400 4309 judicibus
414 4225 599 4306 pronunciari
620 4224 801 4304 postulabit?
830 4224 871 4282 Ut
883 4221 1062 4280 autem‘boec
1075 4241 1094 4281 s
1106 4241 1153 4282 me
1167 4242 1236 4284 vere

138 4323 199 4384 dici
212 4331 344 4401 constet,
352 4339 426 4400 ospe
439 4318 664 4389 resortitionem,
678 4326 708 4376 et
722 4311 939 4376 accusationem
952 4311 1040 4372 bane.
1087 4304 1098 4322 ¹

670 4412 716 4466 4r
