2967 5017
461 362 629 424 commu
651 360 851 425 nemausi.
979 433 984 449 ¹
1140 356 1199 414 ⁷⁶⁹

98 513 530 599 momentaneamque
542 519 604 579 ictu
616 515 1016 600 illaperieritretadrocatis
1026 522 1117 591 atque
1129 509 1199 569 suh·

99 611 217 669 ornatis
241 608 406 674 hominibus
429 616 530 687 serris,
544 615 594 694 qui
616 601 653 673 so¹
663 614 823 693 Cyrenoeos
836 630 902 673 esse
914 610 1053 677 dceoent.
1067 606 1159 668 caedis
1172 610 1201 667 ei

98 696 185 761 diem
198 701 272 763 dixit
285 704 366 783 apud
377 706 554 779 Palladium,
563 724 740 783 causamque
753 705 815 784 egit
828 702 1002 783 Stephanus,
1010 701 1201 781 jurejurando

96 788 187 867 dato,
200 794 346 856 occidisse
366 798 427 859 suis
441 798 574 861 manibus
593 795 807 879 Apollodorum
826 813 893 855 eam
906 793 1066 864 mulierem,
1081 792 1201 853 exitium

93 884 282 964 imprecatus
296 890 396 963 sibiet
408 892 518 971 generi,
529 902 561 953 et
572 891 701 965 familia,
711 898 799 968 atque
807 888 846 948 ob
856 904 921 947 eam
933 904 996 944 rem
1009 884 1078 945 diris
1092 895 1202 946 semet-

93 978 203 1057 ipsum
216 979 340 1055 descrit,
353 1002 420 1062 quae
434 1003 530 1065 neque
543 987 624 1047 facta
640 984 817 1062 fultusque
834 976 898 1039 visa
920 978 959 1036 ab
979 996 1027 1048 eo,
1045 996 1141 1055 neque
1164 997 1202 1037 ex

92 1069 166 1129 ullo
179 1074 344 1133 monalium
358 1074 459 1151 audita
470 1096 611 1157 uuquam.
646 1070 857 1157 Depreheusus
865 1080 965 1132 autem
976 1079 1008 1131 et
1019 1068 1049 1131 in
1061 1070 1200 1151 perjurio,

94 1171 129 1223 et
144 1162 225 1225 falso
237 1166 356 1227 crimine
366 1168 519 1242 intentato,
534 1186 603 1231 cum
612 1168 841 1247 stismliqueret,
854 1181 922 1223 eum
933 1162 1202 1243 acephisophonte

95 1264 129 1313 et
150 1256 359 1339 Apollophane
382 1260 518 1321 mercede
535 1280 600 1322 esse
623 1260 813 1330 conductum,
826 1267 860 1317 ut
876 1265 928 1316 aut
948 1256 1068 1337 ejiceret
1079 1257 1202 1337 Apollo·

95 1344 218 1421 dorum,
231 1359 285 1410 ant
295 1350 455 1413 honoribus
467 1353 606 1433 privaret,
620 1362 743 1434 accepto
756 1358 889 1431 urgento,
903 1366 999 1429 pauca
1012 1346 1151 1430 suffragia
1163 1350 1201 1410 de

94 1439 270 1519 quingentis
281 1453 470 1518 consecutus,
484 1445 556 1507 abiit
568 1445 710 1527 perjurus,
725 1455 814 1526 atque
827 1441 1021 1521 improbitatis
1035 1441 1202 1523 opinionem

92 1530 260 1594 lucrifecit.
1092 1576 1095 1585 -

136 1628 173 1685 4.
197 1624 335 1704 Cogitate
349 1626 437 1705 igitur
449 1630 516 1709 ipsi,
529 1630 661 1702 ludices,
671 1642 702 1693 et
715 1630 796 1711 apud
805 1637 918 1692 rastros
932 1628 1044 1688 animos
1057 1634 1200 1707 reputate,

92 1736 160 1798 quo
179 1715 213 1775 iu
233 1717 300 1777 loco
312 1736 359 1777 res
373 1737 454 1779 meas
469 1721 581 1781 futuras
596 1723 687 1784 fuisse
699 1720 881 1783 credendum
895 1718 943 1790 sit,
957 1719 982 1779 si
994 1719 1067 1799 quid
1079 1718 1201 1799 Apollo·

91 1811 176 1871 doro
199 1828 299 1869 eornm
321 1808 402 1871 luere
425 1812 593 1883 accidisset,
607 1833 674 1894 quus
695 1813 862 1895 Stephanus
882 1812 914 1871 in
931 1830 999 1871 eum
1017 1811 1201 1885 instruxerat,

92 1904 160 1963 sire
175 1902 208 1962 in
221 1902 326 1982 priore,
339 1902 440 1963 sivein
454 1905 613 1985 posteriore
622 1906 746 1983 judicio.
777 1904 865 1975 Quod
877 1907 907 1965 in
921 1904 1062 1975 dedecus,
1076 1922 1201 1983 quamne

94 1997 127 2055 in
141 1995 345 2056 calamitatem
362 2015 420 2055 uon
433 1995 625 2059 incidissem?
646 2000 722 2059 Cum
735 2019 784 2059 me
798 1998 887 2078 igitur
900 1997 1086 2057 hortarentur
1098 2015 1201 2057 omnes

94 2088 234 2161 seorsim,
244 2107 349 2168 meque
360 2089 560 2161 museuireut,
571 2103 605 2152 ut
617 2093 656 2153 ad
674 2093 813 2153 ultionem
824 2091 993 2172 iujuriarum
1006 2089 1070 2169 ejus
1080 2109 1202 2151 couver-

95 2192 280 2257 uersurum
292 2192 326 2243 ut
337 2182 484 2244 hominem
505 2184 635 2245 omnium
655 2185 875 2265 ignavissimum
894 2186 1084 2256 incesserent,
1098 2185 1124 2243 si
1139 2193 1201 2245 tam

95 2282 182 2335 arcta
202 2293 268 2335 cum
290 2276 336 2335 his
354 2270 570 2338 necessitudine
590 2278 777 2358 conjunctus,
790 2296 892 2358 prenae
905 2295 966 2338 non
979 2275 1129 2355 exigerem
1148 2296 1202 2356 pro

97 2384 212 2437 sorore,
224 2368 414 2439 strafliuibus,
427 2378 458 2429 et
470 2369 616 2447 neptibus,
628 2382 659 2431 st
676 2390 768 2432 uxore
781 2390 857 2442 mea,
868 2388 963 2449 neque
975 2368 1074 2448 palam
1086 2368 1120 2428 in
1128 2368 1201 2431 deos
1278 2383 1295 2427 .’

96 2458 232 2539 impiam,
255 2470 285 2520 et
311 2461 342 2521 in
366 2459 513 2523 civitatem
536 2463 787 2535 contumeliosam,
800 2474 832 2523 et
844 2462 943 2543 legum
960 2462 1201 2542 contemptricem

18 2552 23 2581 '
98 2562 275 2623 sesmarum,
296 2550 334 2611 ad
358 2570 411 2611 ros
433 2552 616 2627 adductam,
637 2555 701 2635 ejus
726 2554 884 2616 sceleribus
905 2554 1072 2634 patefactis,
1095 2564 1201 2615 restra

97 2642 241 2722 potestati
255 2642 437 2722 subjicerem,
447 2654 480 2703 ut
492 2656 591 2705 restro
604 2645 746 2706 arbitratu
752 2646 794 2707 de
804 2665 841 2706 ea
850 2645 1017 2707 statueretis
1028 2664 1036 2706 r
1055 2655 1088 2705 et
1098 2664 1200 2725 quem·

99 2736 262 2799 sdmodum
276 2753 323 2794 me
336 2734 505 2814 Stephanus
525 2734 598 2795 meis
611 2738 787 2797 necessariis
800 2749 903 2798 contra
924 2738 1007 2817 leges
1032 2747 1064 2796 et
1082 2736 1202 2797 decreta

100 2827 248 2907 spoliarit,
263 2826 305 2887 sic
323 2837 354 2887 et
366 2845 423 2906 epo
435 2827 516 2907 apud
528 2844 581 2887 ros
595 2828 793 2901 ostenderem,
807 2830 897 2891 istum
907 2830 938 2889 in
951 2828 1136 2889 matrimonio
1147 2827 1202 2887 hu·

101 2921 168 2981 bere
194 2918 379 3000 peregrinam
403 2918 564 2991 mulierem,
580 2932 685 2981 contra
707 2920 824 3002 legemr
845 2930 876 2981 et
894 2919 1072 2999 alienigenas
1094 2920 1200 2981 liberos

100 3020 160 3073 tun
173 3012 215 3073 ad
228 3009 360 3085 tribules,
372 3021 435 3071 tum
448 3010 487 3073 sd
500 3011 656 3092 populures
675 3012 838 3075 adducere:
861 3022 894 3073 et
902 3011 1085 3092 despondere
1105 3030 1201 3073 mere·

101 3104 203 3167 meum
232 3102 308 3165 hliss
335 3122 389 3184 pro
417 3104 495 3166 suis:
523 3114 554 3164 et
581 3104 673 3166 sacris
698 3105 822 3166 deorum
839 3104 1046 3175 immortalium
1070 3103 1201 3183 pollutis,

102 3198 200 3276 populi
213 3194 420 3258 auctoritatem
434 3194 549 3267 tollere,
564 3197 689 3277 siquem
704 3196 800 3259 facere
813 3196 884 3257 velit
902 3194 1006 3257 civem.
1034 3195 1109 3285 Quis
1121 3196 1200 3257 euim

102 3290 224 3367 posthac
251 3288 376 3351 ciuitatis
395 3288 594 3369 adipiscenda
616 3289 754 3369 cupidus,
776 3308 796 3348 a
816 3286 927 3370 populo
947 3288 1123 3353 beneficium
1142 3286 1202 3350 hoc

104 3384 219 3463 maguis
242 3383 405 3462 sumptibus
427 3400 596 3463 magnoque
616 3382 735 3463 negotio
755 3379 969 3461 impetrandum
987 3388 1119 3453 cemeat,
1131 3398 1201 3441 cum

103 3472 178 3535 idem
190 3496 211 3538 a
228 3476 381 3555 Stephano
394 3484 426 3535 ct
437 3474 557 3539 minoris
571 3484 723 3550 emerc,.et
739 3474 907 3537 conditione
924 3474 1011 3537 lineus
1027 3471 1118 3535 nihilo
1133 3490 1201 3535 essa

105 3564 265 3629 deteriorel

142 3664 171 3721 5.
190 3662 309 3729 Quibus
330 3680 388 3741 epo
411 3660 499 3740 igitur
516 3660 629 3740 injuriis
648 3660 726 3740 prior
740 3679 761 3719 s
772 3660 925 3741 Stephano
946 3657 1112 3732 lacessitus,
1126 3656 1201 3717 acti·

106 3768 186 3813 onem
209 3754 352 3815 adversus
367 3772 435 3814 eum
456 3752 535 3814 hanc
556 3752 742 3827 instituerim,
756 3754 839 3814 uobis
852 3750 993 3833 exposui:
1014 3748 1200 3830 peregrinam

107 3852 200 3907 sutem
213 3866 282 3908 esse
307 3846 454 3921 Nostram,
476 3856 507 3907 et
525 3844 666 3926 Stephani
690 3864 757 3907 esse
780 3856 902 3907 manem
921 3842 1056 3915 familias,
1069 3848 1101 3901 et
1117 3859 1200 3919 traps

108 3932 183 4015 leges
206 3952 238 4001 et
254 3939 389 4001 instituta
407 3939 533 4001 civitatis
553 3938 688 4009 violasse,
714 3938 781 3999 haec
804 3938 887 3999 vobis
905 3942 968 4015 jam
990 3931 1202 4014 cognoscenda

110 4040 182 4089 sunt.
223 4033 299 4094 Peto
312 4032 401 4111 igitur
413 4051 433 4092 a
444 4034 537 4105 robis,
550 4030 684 4104 ludices,
697 4050 765 4111 qum
778 4032 839 4112 peti
851 4048 968 4109 sequum
980 4037 1037 4098 est,
1053 4035 1088 4086 ut
1099 4043 1159 4099 me,
1170 4034 1202 4085 et

111 4120 334 4198 adolescentem,
347 4134 378 4184 et
390 4124 508 4185 dicendi
519 4124 693 4205 imperitum,
705 4134 862 4205 patronum
875 4121 944 4183 huic
953 4138 1052 4183 causoe
1062 4116 1200 4187 adsitne

107 4212 227 4283 jubeatis
239 4216 465 4299 Apollodorum.
496 4218 573 4277 Nam
587 4226 619 4278 et
630 4225 700 4277 satu
715 4218 809 4298 major
821 4228 866 4277 est
877 4233 966 4295 quam
979 4230 1048 4292 ego,
1061 4220 1091 4271 et
1100 4210 1201 4289 legum

111 4306 231 4383 peritior,
243 4322 274 4372 ct
297 4331 317 4372 a
338 4310 490 4391 Stephano
508 4310 608 4384 lessus,
628 4320 659 4371 et
672 4328 808 4389 magnum
823 4308 869 4369 his
887 4308 975 4368 rebus
995 4303 1130 4369 omnibns
1140 4311 1201 4367 stu·

112 4394 187 4459 dium
202 4402 354 4483 impendit,
395 4404 494 4472 Quare
519 4422 576 4463 nec
599 4402 775 4463 insidiosum
795 4402 824 4462 ei
842 4411 898 4473 est,
912 4420 981 4460 eum
992 4397 1097 4459 ulcisci
1111 4414 1202 4473 aquo

113 4486 149 4547 *ἢ
170 4490 321 4559 Ιιοοοιὴυο
337 4516 345 4558 r
363 4515 418 4559 ros
439 4505 538 4558 autem
550 4495 637 4557 decet
648 4495 713 4574 ipss
725 4490 1096 4573 scritateexaccussticne
1108 4496 1139 4549 et
1150 4486 1203 4547 de·

639 4594 687 4652 llr
