<?xml version="1.0" encoding="UTF-8"?>
<!DOCTYPE html PUBLIC "-//W3C//DTD XHTML 1.0 Transitional//EN"
    "http://www.w3.org/TR/xhtml1/DTD/xhtml1-transitional.dtd">
<html xmlns="http://www.w3.org/1999/xhtml" xml:lang="en" lang="en">
 <head>
  <title>
</title>
<meta http-equiv="Content-Type" content="text/html;charset=utf-8" />
  <meta name='ocr-system' content='tesseract 3.04.00' />
  <meta name='ocr-capabilities' content='ocr_page ocr_carea ocr_par ocr_line ocrx_word'/>
</head>
<body>
  <div class='ocr_page' id='page_1' title='image "./oratoresatticie00dupogoog_0224.png"; bbox 0 0 2967 5017; ppageno 0'>
   <div class='ocr_carea' id='block_1_1' title="bbox 264 316 1047 382">
    <p class='ocr_par' dir='ltr' id='par_1_1' title="bbox 264 316 1047 382">
     <span class='ocr_line' id='line_1_1' title="bbox 264 316 1047 382; baseline -0.001 -1"><span class='ocrx_word' id='word_1_1' title='bbox 264 318 323 381; x_wconf 78' lang='grc'><strong>730</strong></span> <span class='ocrx_word' id='word_1_2' title='bbox 569 316 783 379; x_wconf 73' lang='lat' dir='ltr'>RDVERSUS</span> <span class='ocrx_word' id='word_1_3' title='bbox 805 320 1047 382; x_wconf 73' lang='lat' dir='ltr'><strong>cntttctsor.</strong></span> 
     </span>
    </p>
   </div>
   <div class='ocr_carea' id='block_1_2' title="bbox 264 469 1359 930">
    <p class='ocr_par' dir='ltr' id='par_1_2' title="bbox 264 469 1359 930">
     <span class='ocr_line' id='line_1_2' title="bbox 267 469 1358 557; baseline 0.006 -27"><span class='ocrx_word' id='word_1_4' title='bbox 267 472 325 541; x_wconf 86' lang='lat' dir='ltr'><strong>Qui</strong></span> <span class='ocrx_word' id='word_1_5' title='bbox 341 471 429 551; x_wconf 79' lang='lat' dir='ltr'><strong>igitur</strong></span> <span class='ocrx_word' id='word_1_6' title='bbox 443 471 543 533; x_wconf 84' lang='lat' dir='ltr'><strong>alueus</strong></span> <span class='ocrx_word' id='word_1_7' title='bbox 555 492 620 533; x_wconf 88' lang='lat' dir='ltr'><strong>esse</strong></span> <span class='ocrx_word' id='word_1_8' title='bbox 630 469 754 553; x_wconf 74' lang='lat' dir='ltr'><strong>&#39;potenti</strong></span> <span class='ocrx_word' id='word_1_9' title='bbox 775 473 860 553; x_wconf 80' lang='lat' dir='ltr'><strong>Aque</strong></span> <span class='ocrx_word' id='word_1_10' title='bbox 870 478 968 537; x_wconf 82' lang='lat' dir='ltr'><strong>aulem</strong></span> <span class='ocrx_word' id='word_1_11' title='bbox 986 496 1053 557; x_wconf 82' lang='lat' dir='ltr'><strong>qurs</strong></span> <span class='ocrx_word' id='word_1_12' title='bbox 1066 475 1358 557; x_wconf 83' lang='lat' dir='ltr'><strong>irrupitsrsps&#39;oiroi·</strong></span> 
     </span>
     <span class='ocr_line' id='line_1_3' title="bbox 265 562 1359 638; baseline 0.005 -15"><span class='ocrx_word' id='word_1_13' title='bbox 265 582 327 623; x_wconf 80' lang='lat' dir='ltr'><strong>runs</strong></span> <span class='ocrx_word' id='word_1_14' title='bbox 347 564 448 625; x_wconf 83' lang='lat' dir='ltr'>nocuit</span> <span class='ocrx_word' id='word_1_15' title='bbox 460 565 558 625; x_wconf 90' lang='lat' dir='ltr'><strong>moltis</strong></span> <span class='ocrx_word' id='word_1_16' title='bbox 580 562 713 638; x_wconf 83' lang='lat' dir='ltr'><strong>incautis,</strong></span> <span class='ocrx_word' id='word_1_17' title='bbox 726 568 828 627; x_wconf 82' lang='lat' dir='ltr'><strong>nocuit</strong></span> <span class='ocrx_word' id='word_1_18' title='bbox 849 568 928 628; x_wconf 87' lang='lat' dir='ltr'><strong>nunc</strong></span> <span class='ocrx_word' id='word_1_19' title='bbox 948 568 997 629; x_wconf 89' lang='lat' dir='ltr'><strong>isti</strong></span> <span class='ocrx_word' id='word_1_20' title='bbox 1017 569 1115 631; x_wconf 87' lang='lat' dir='ltr'><strong>etism.</strong></span> <span class='ocrx_word' id='word_1_21' title='bbox 1156 568 1243 637; x_wconf 85' lang='lat' dir='ltr'><strong>Quod</strong></span> <span class='ocrx_word' id='word_1_22' title='bbox 1258 580 1359 629; x_wconf 81' lang='lat' dir='ltr'><strong>sutem</strong></span> 
     </span>
     <span class='ocr_line' id='line_1_4' title="bbox 264 646 1359 740; baseline 0.003 -24"><span class='ocrx_word' id='word_1_23' title='bbox 264 646 393 716; x_wconf 85' lang='lat' dir='ltr'><strong>omnium</strong></span> <span class='ocrx_word' id='word_1_24' title='bbox 418 652 626 735; x_wconf 86' lang='lat' dir='ltr'><strong>iniquissimum</strong></span> <span class='ocrx_word' id='word_1_25' title='bbox 649 666 705 727; x_wconf 82' lang='lat' dir='ltr'><strong>est,¹</strong></span> <span class='ocrx_word' id='word_1_26' title='bbox 718 658 870 729; x_wconf 74' lang='lat' dir='ltr'><strong>Callicles,</strong></span> <span class='ocrx_word' id='word_1_27' title='bbox 884 680 951 720; x_wconf 92' lang='lat' dir='ltr'><strong>cum</strong></span> <span class='ocrx_word' id='word_1_28' title='bbox 976 681 1052 740; x_wconf 81' lang='lat' dir='ltr'><strong>aqna</strong></span> <span class='ocrx_word' id='word_1_29' title='bbox 1066 660 1104 719; x_wconf 79' lang='lat' dir='ltr'><strong>‘in</strong></span> <span class='ocrx_word' id='word_1_30' title='bbox 1126 680 1212 720; x_wconf 89' lang='lat' dir='ltr'><strong>suurn</strong></span> <span class='ocrx_word' id='word_1_31' title='bbox 1233 660 1359 719; x_wconf 79' lang='lat' dir='ltr'><strong>lundon</strong></span> 
     </span>
     <span class='ocr_line' id='line_1_5' title="bbox 264 748 1358 831; baseline 0.005 -24"><span class='ocrx_word' id='word_1_32' title='bbox 264 748 377 827; x_wconf 80' lang='lat' dir='ltr'><strong>irrupit,</strong></span> <span class='ocrx_word' id='word_1_33' title='bbox 390 748 559 827; x_wconf 84' lang='lat' dir='ltr'><strong>ingentibus</strong></span> <span class='ocrx_word' id='word_1_34' title='bbox 580 751 657 809; x_wconf 85' lang='lat' dir='ltr'><strong>saxis</strong></span> <span class='ocrx_word' id='word_1_35' title='bbox 679 770 747 809; x_wconf 89' lang='lat' dir='ltr'><strong>eum</strong></span> <span class='ocrx_word' id='word_1_36' title='bbox 760 753 930 811; x_wconf 80' lang='lat' dir='ltr'><strong>obstruxit:</strong></span> <span class='ocrx_word' id='word_1_37' title='bbox 951 753 1030 831; x_wconf 88' lang='lat' dir='ltr'><strong>qood</strong></span> <span class='ocrx_word' id='word_1_38' title='bbox 1050 752 1159 811; x_wconf 57' lang='lat' dir='ltr'><strong>&#39;autem‘</strong></span> <span class='ocrx_word' id='word_1_39' title='bbox 1174 763 1266 831; x_wconf 83' lang='lat' dir='ltr'><strong>pater,</strong></span> <span class='ocrx_word' id='word_1_40' title='bbox 1283 772 1358 812; x_wconf 45' lang='lat' dir='ltr'><strong>*cum</strong></span> 
     </span>
     <span class='ocr_line' id='line_1_6' title="bbox 266 842 1358 930; baseline 0.003 -29"><span class='ocrx_word' id='word_1_41' title='bbox 266 842 420 901; x_wconf 59' lang='lat' dir='ltr'><strong>idemssno</strong></span> <span class='ocrx_word' id='word_1_42' title='bbox 444 842 536 930; x_wconf 84' lang='lat' dir='ltr'><strong>londo</strong></span> <span class='ocrx_word' id='word_1_43' title='bbox 561 844 729 915; x_wconf 84' lang='lat' dir='ltr'><strong>accidisset,</strong></span> <span class='ocrx_word' id='word_1_44' title='bbox 742 844 962 923; x_wconf 81' lang='lat' dir='ltr'><strong>septumfecit,</strong></span> <span class='ocrx_word' id='word_1_45' title='bbox 976 846 1061 923; x_wconf 86' lang='lat' dir='ltr'><strong>quasi</strong></span> <span class='ocrx_word' id='word_1_46' title='bbox 1082 846 1111 904; x_wconf 90' lang='lat' dir='ltr'><strong>in</strong></span> <span class='ocrx_word' id='word_1_47' title='bbox 1135 864 1171 903; x_wconf 86' lang='lat' dir='ltr'><strong>eo</strong></span> <span class='ocrx_word' id='word_1_48' title='bbox 1194 854 1358 923; x_wconf 77' lang='lat' dir='ltr'>peccasset,</span> 
     </span>
    </p>
   </div>
   <div class='ocr_carea' id='block_1_3' title="bbox 265 924 1466 1016">
    <p class='ocr_par' dir='ltr' id='par_1_3' title="bbox 265 924 1466 1016">
     <span class='ocr_line' id='line_1_7' title="bbox 265 924 1466 1016; baseline 0.002 -22"><span class='ocrx_word' id='word_1_49' title='bbox 265 924 335 994; x_wconf 78' lang='lat' dir='ltr'><strong>mihi</strong></span> <span class='ocrx_word' id='word_1_50' title='bbox 349 935 408 993; x_wconf 87' lang='lat' dir='ltr'><strong>dati</strong></span> <span class='ocrx_word' id='word_1_51' title='bbox 423 928 521 994; x_wconf 78' lang='lat' dir='ltr'><strong>dam&#39;ni</strong></span> <span class='ocrx_word' id='word_1_52' title='bbox 545 937 687 995; x_wconf 75' lang='lat' dir='ltr'><strong>actionem</strong></span> <span class='ocrx_word' id='word_1_53' title='bbox 707 936 839 1016; x_wconf 82' lang='lat' dir='ltr'><strong>impegit.</strong></span> <span class='ocrx_word' id='word_1_54' title='bbox 880 938 968 1006; x_wconf 86' lang='lat' dir='ltr'><strong>Quod</strong></span> <span class='ocrx_word' id='word_1_55' title='bbox 991 939 1016 997; x_wconf 89' lang='lat' dir='ltr'><strong>si</strong></span> <span class='ocrx_word' id='word_1_56' title='bbox 1038 938 1258 1013; x_wconf 86' lang='lat' dir='ltr'><strong>omnesquibus</strong></span> <span class='ocrx_word' id='word_1_57' title='bbox 1281 956 1358 1015; x_wconf 84' lang='lat' dir='ltr'><strong>aquo</strong></span> <span class='ocrx_word' id='word_1_58' title='bbox 1465 931 1466 938; x_wconf 9' lang='grc' dir='ltr'>ἵ</span> 
     </span>
    </p>
   </div>
   <div class='ocr_carea' id='block_1_4' title="bbox 261 1024 1358 1847">
    <p class='ocr_par' dir='ltr' id='par_1_4' title="bbox 261 1024 1358 1847">
     <span class='ocr_line' id='line_1_8' title="bbox 263 1024 1358 1108; baseline 0.005 -24"><span class='ocrx_word' id='word_1_59' title='bbox 263 1024 340 1086; x_wconf 87' lang='lat' dir='ltr'><strong>istac</strong></span> <span class='ocrx_word' id='word_1_60' title='bbox 355 1026 487 1087; x_wconf 86' lang='lat' dir='ltr'><strong>defluens</strong></span> <span class='ocrx_word' id='word_1_61' title='bbox 503 1038 591 1086; x_wconf 86' lang='lat' dir='ltr'><strong>nocet</strong></span> <span class='ocrx_word' id='word_1_62' title='bbox 604 1048 649 1087; x_wconf 91' lang='lat' dir='ltr'><strong>me</strong></span> <span class='ocrx_word' id='word_1_63' title='bbox 665 1031 858 1099; x_wconf 83' lang='lat' dir='ltr'><strong>accusabunt,</strong></span> <span class='ocrx_word' id='word_1_64' title='bbox 870 1030 983 1090; x_wconf 89' lang='lat' dir='ltr'><strong>etiamsi</strong></span> <span class='ocrx_word' id='word_1_65' title='bbox 997 1032 1120 1088; x_wconf 71' lang='lat' dir='ltr'><strong>fortunus</strong></span> <span class='ocrx_word' id='word_1_66' title='bbox 1133 1050 1206 1088; x_wconf 80' lang='lat' dir='ltr'><strong>mere</strong></span> <span class='ocrx_word' id='word_1_67' title='bbox 1219 1030 1358 1108; x_wconf 82' lang='lat' dir='ltr'><strong>multipli-</strong></span> 
     </span>
     <span class='ocr_line' id='line_1_9' title="bbox 265 1120 1358 1197; baseline 0.003 -18"><span class='ocrx_word' id='word_1_68' title='bbox 265 1131 368 1179; x_wconf 89' lang='lat' dir='ltr'><strong>centur</strong></span> <span class='ocrx_word' id='word_1_69' title='bbox 389 1138 448 1177; x_wconf 89' lang='lat' dir='ltr'><strong>non</strong></span> <span class='ocrx_word' id='word_1_70' title='bbox 474 1120 607 1177; x_wconf 88' lang='lat' dir='ltr'><strong>omnibns</strong></span> <span class='ocrx_word' id='word_1_71' title='bbox 632 1132 732 1197; x_wconf 89' lang='lat' dir='ltr'><strong>potero</strong></span> <span class='ocrx_word' id='word_1_72' title='bbox 750 1121 930 1182; x_wconf 77' lang='lat' dir='ltr'><strong>satisfacere.</strong></span> <span class='ocrx_word' id='word_1_73' title='bbox 978 1122 1074 1181; x_wconf 87' lang='lat' dir='ltr'><strong>Tanto</strong></span> <span class='ocrx_word' id='word_1_74' title='bbox 1098 1133 1195 1180; x_wconf 87' lang='lat' dir='ltr'><strong>autem</strong></span> <span class='ocrx_word' id='word_1_75' title='bbox 1218 1123 1266 1181; x_wconf 88' lang='lat' dir='ltr'><strong>isti</strong></span> <span class='ocrx_word' id='word_1_76' title='bbox 1288 1131 1358 1182; x_wconf 89' lang='lat' dir='ltr'><strong>sunt</strong></span> 
     </span>
     <span class='ocr_line' id='line_1_10' title="bbox 261 1210 1357 1291; baseline 0 -20"><span class='ocrx_word' id='word_1_77' title='bbox 261 1210 326 1271; x_wconf 87' lang='lat' dir='ltr'><strong>aliis</strong></span> <span class='ocrx_word' id='word_1_78' title='bbox 341 1210 505 1289; x_wconf 82' lang='lat' dir='ltr'><strong>iniquiores,</strong></span> <span class='ocrx_word' id='word_1_79' title='bbox 522 1223 554 1268; x_wconf 90' lang='lat' dir='ltr'><strong>ut</strong></span> <span class='ocrx_word' id='word_1_80' title='bbox 568 1211 646 1269; x_wconf 89' lang='lat' dir='ltr'><strong>nullo</strong></span> <span class='ocrx_word' id='word_1_81' title='bbox 666 1212 773 1272; x_wconf 86' lang='lat' dir='ltr'><strong>damno</strong></span> <span class='ocrx_word' id='word_1_82' title='bbox 792 1214 900 1283; x_wconf 85' lang='lat' dir='ltr'><strong>affecti,</strong></span> <span class='ocrx_word' id='word_1_83' title='bbox 914 1223 947 1272; x_wconf 91' lang='lat' dir='ltr'><strong>nt</strong></span> <span class='ocrx_word' id='word_1_84' title='bbox 963 1230 1020 1291; x_wconf 83' lang='lat' dir='ltr'><strong>ego</strong></span> <span class='ocrx_word' id='word_1_85' title='bbox 1044 1213 1125 1271; x_wconf 84' lang='lat' dir='ltr'><strong>vobis</strong></span> <span class='ocrx_word' id='word_1_86' title='bbox 1139 1213 1236 1271; x_wconf 86' lang='lat' dir='ltr'><strong>statim</strong></span> <span class='ocrx_word' id='word_1_87' title='bbox 1256 1223 1357 1272; x_wconf 89' lang='lat' dir='ltr'><strong>osteu-</strong></span> 
     </span>
     <span class='ocr_line' id='line_1_11' title="bbox 262 1303 1357 1386; baseline 0.002 -23"><span class='ocrx_word' id='word_1_88' title='bbox 262 1303 342 1375; x_wconf 86' lang='lat' dir='ltr'><strong>dam,</strong></span> <span class='ocrx_word' id='word_1_89' title='bbox 358 1323 424 1362; x_wconf 90' lang='lat' dir='ltr'><strong>cum</strong></span> <span class='ocrx_word' id='word_1_90' title='bbox 449 1304 511 1362; x_wconf 90' lang='lat' dir='ltr'><strong>aliis</strong></span> <span class='ocrx_word' id='word_1_91' title='bbox 535 1304 626 1363; x_wconf 87' lang='lat' dir='ltr'><strong>multa</strong></span> <span class='ocrx_word' id='word_1_92' title='bbox 650 1317 680 1378; x_wconf 75' lang='lat' dir='ltr'><strong>et</strong></span> <span class='ocrx_word' id='word_1_93' title='bbox 693 1326 810 1385; x_wconf 88' lang='lat' dir='ltr'><strong>magno</strong></span> <span class='ocrx_word' id='word_1_94' title='bbox 831 1307 939 1386; x_wconf 72' lang='lat' dir='ltr'><strong>donans</strong></span> <span class='ocrx_word' id='word_1_95' title='bbox 957 1306 1027 1365; x_wconf 88' lang='lat' dir='ltr'><strong>dota</strong></span> <span class='ocrx_word' id='word_1_96' title='bbox 1046 1307 1114 1374; x_wconf 90' lang='lat' dir='ltr'><strong>sint,</strong></span> <span class='ocrx_word' id='word_1_97' title='bbox 1129 1304 1184 1364; x_wconf 90' lang='lat' dir='ltr'><strong>soli</strong></span> <span class='ocrx_word' id='word_1_98' title='bbox 1208 1306 1263 1381; x_wconf 87' lang='lat' dir='ltr'><strong>ipsi</strong></span> <span class='ocrx_word' id='word_1_99' title='bbox 1283 1305 1357 1365; x_wconf 86' lang='lat' dir='ltr'><strong>milri</strong></span> 
     </span>
     <span class='ocr_line' id='line_1_12' title="bbox 262 1398 1356 1477; baseline 0.001 -21"><span class='ocrx_word' id='word_1_100' title='bbox 262 1398 411 1475; x_wconf 86' lang='lat' dir='ltr'><strong>negotium</strong></span> <span class='ocrx_word' id='word_1_101' title='bbox 427 1398 570 1455; x_wconf 81' lang='lat' dir='ltr'><strong>facessere</strong></span> <span class='ocrx_word' id='word_1_102' title='bbox 586 1398 699 1456; x_wconf 87' lang='lat' dir='ltr'><strong>ausint:</strong></span> <span class='ocrx_word' id='word_1_103' title='bbox 721 1398 776 1457; x_wconf 88' lang='lat' dir='ltr'><strong>etsi</strong></span> <span class='ocrx_word' id='word_1_104' title='bbox 792 1399 942 1476; x_wconf 87' lang='lat' dir='ltr'><strong>quibusvis</strong></span> <span class='ocrx_word' id='word_1_105' title='bbox 963 1399 991 1457; x_wconf 92' lang='lat' dir='ltr'><strong>id</strong></span> <span class='ocrx_word' id='word_1_106' title='bbox 1008 1400 1106 1477; x_wconf 90' lang='lat' dir='ltr'><strong>potius</strong></span> <span class='ocrx_word' id='word_1_107' title='bbox 1122 1398 1356 1457; x_wconf 78' lang='lat' dir='ltr'><strong>facessere&#39;licn·</strong></span> 
     </span>
     <span class='ocr_line' id='line_1_13' title="bbox 262 1487 1357 1569; baseline 0.001 -23"><span class='ocrx_word' id='word_1_108' title='bbox 262 1487 341 1550; x_wconf 88' lang='lat' dir='ltr'><strong>isset.</strong></span> <span class='ocrx_word' id='word_1_109' title='bbox 385 1489 468 1547; x_wconf 87' lang='lat' dir='ltr'><strong>Nam·</strong></span> <span class='ocrx_word' id='word_1_110' title='bbox 484 1488 542 1559; x_wconf 89' lang='lat' dir='ltr'><strong>isti,</strong></span> <span class='ocrx_word' id='word_1_111' title='bbox 557 1490 598 1548; x_wconf 81' lang='lat' dir='ltr'><strong>ut&#39;</strong></span> <span class='ocrx_word' id='word_1_112' title='bbox 610 1490 734 1550; x_wconf 83' lang='lat' dir='ltr'><strong>maxime</strong></span> <span class='ocrx_word' id='word_1_113' title='bbox 759 1491 870 1569; x_wconf 88' lang='lat' dir='ltr'><strong>aliquid</strong></span> <span class='ocrx_word' id='word_1_114' title='bbox 893 1492 936 1549; x_wconf 90' lang='lat' dir='ltr'><strong>eis</strong></span> <span class='ocrx_word' id='word_1_115' title='bbox 958 1491 1109 1561; x_wconf 84' lang='lat' dir='ltr'><strong>acciderit,¹</strong></span> <span class='ocrx_word' id='word_1_116' title='bbox 1120 1491 1174 1569; x_wconf 91' lang='lat' dir='ltr'><strong>ipsi</strong></span> <span class='ocrx_word' id='word_1_117' title='bbox 1193 1509 1246 1549; x_wconf 88' lang='lat' dir='ltr'><strong>sua</strong></span> <span class='ocrx_word' id='word_1_118' title='bbox 1260 1490 1357 1567; x_wconf 78' lang='lat' dir='ltr'><strong>‘culpa</strong></span> 
     </span>
     <span class='ocr_line' id='line_1_14' title="bbox 262 1580 1356 1654; baseline 0 -14"><span class='ocrx_word' id='word_1_119' title='bbox 262 1581 323 1641; x_wconf 77' lang='lat' dir='ltr'><strong>lest</strong></span> <span class='ocrx_word' id='word_1_120' title='bbox 347 1599 393 1639; x_wconf 87' lang='lat' dir='ltr'><strong>me</strong></span> <span class='ocrx_word' id='word_1_121' title='bbox 413 1580 647 1641; x_wconf 81' lang='lat' dir='ltr'><strong>calumniantur:</strong></span> <span class='ocrx_word' id='word_1_122' title='bbox 668 1582 710 1641; x_wconf 92' lang='lat' dir='ltr'><strong>illi</strong></span> <span class='ocrx_word' id='word_1_123' title='bbox 734 1595 843 1654; x_wconf 89' lang='lat' dir='ltr'><strong>autem,</strong></span> <span class='ocrx_word' id='word_1_124' title='bbox 857 1594 890 1641; x_wconf 91' lang='lat' dir='ltr'><strong>ut</strong></span> <span class='ocrx_word' id='word_1_125' title='bbox 913 1582 983 1641; x_wconf 90' lang='lat' dir='ltr'><strong>nihil</strong></span> <span class='ocrx_word' id='word_1_126' title='bbox 1007 1582 1098 1652; x_wconf 87' lang='lat' dir='ltr'><strong>aliod,</strong></span> <span class='ocrx_word' id='word_1_127' title='bbox 1118 1594 1149 1641; x_wconf 83' lang='lat' dir='ltr'><strong>st</strong></span> <span class='ocrx_word' id='word_1_128' title='bbox 1170 1582 1277 1640; x_wconf 86' lang='lat' dir='ltr'><strong>nullom</strong></span> <span class='ocrx_word' id='word_1_129' title='bbox 1292 1582 1356 1641; x_wconf 88' lang='lat' dir='ltr'><strong>tale</strong></span> 
     </span>
     <span class='ocr_line' id='line_1_15' title="bbox 261 1674 1356 1758; baseline 0 -23"><span class='ocrx_word' id='word_1_130' title='bbox 261 1676 371 1735; x_wconf 87' lang='lat' dir='ltr'><strong>crimen</strong></span> <span class='ocrx_word' id='word_1_131' title='bbox 395 1674 515 1734; x_wconf 87' lang='lat' dir='ltr'><strong>habent.</strong></span> <span class='ocrx_word' id='word_1_132' title='bbox 558 1674 630 1747; x_wconf 86' lang='lat' dir='ltr'><strong>Sed,</strong></span> <span class='ocrx_word' id='word_1_133' title='bbox 660 1696 697 1735; x_wconf 88' lang='lat' dir='ltr'><strong>ne</strong></span> <span class='ocrx_word' id='word_1_134' title='bbox 721 1695 816 1734; x_wconf 91' lang='lat' dir='ltr'><strong>rerum</strong></span> <span class='ocrx_word' id='word_1_135' title='bbox 840 1675 941 1737; x_wconf 88' lang='lat' dir='ltr'><strong>ordine</strong></span> <span class='ocrx_word' id='word_1_136' title='bbox 963 1676 1131 1755; x_wconf 87' lang='lat' dir='ltr'><strong>perturbato</strong></span> <span class='ocrx_word' id='word_1_137' title='bbox 1152 1674 1239 1758; x_wconf 78' lang='lat' dir='ltr'><strong>simul</strong></span> <span class='ocrx_word' id='word_1_138' title='bbox 1257 1674 1356 1735; x_wconf 80' lang='lat' dir='ltr'><strong>dicatu</strong></span> 
     </span>
     <span class='ocr_line' id='line_1_16' title="bbox 262 1766 903 1847; baseline 0.002 -21"><span class='ocrx_word' id='word_1_139' title='bbox 262 1767 369 1839; x_wconf 85' lang='lat' dir='ltr'><strong>omnin,</strong></span> <span class='ocrx_word' id='word_1_140' title='bbox 383 1786 454 1847; x_wconf 91' lang='lat' dir='ltr'><strong>cape</strong></span> <span class='ocrx_word' id='word_1_141' title='bbox 471 1766 538 1827; x_wconf 88' lang='lat' dir='ltr'><strong>milri</strong></span> <span class='ocrx_word' id='word_1_142' title='bbox 553 1768 710 1829; x_wconf 87' lang='lat' dir='ltr'><strong>vicinorum</strong></span> <span class='ocrx_word' id='word_1_143' title='bbox 725 1769 903 1829; x_wconf 84' lang='lat' dir='ltr'><strong>testimonie.</strong></span> 
     </span>
    </p>
   </div>
   <div class='ocr_carea' id='block_1_5' title="bbox 673 1998 939 2069">
    <p class='ocr_par' dir='ltr' id='par_1_5' title="bbox 673 1998 939 2069">
     <span class='ocr_line' id='line_1_17' title="bbox 673 1998 939 2069; baseline 0.004 -14"><span class='ocrx_word' id='word_1_144' title='bbox 673 1998 939 2069; x_wconf 81' lang='lat' dir='ltr'><strong>TESTIMONIA.</strong></span> 
     </span>
    </p>
   </div>
   <div class='ocr_carea' id='block_1_6' title="bbox 259 2135 1357 2867">
    <p class='ocr_par' dir='ltr' id='par_1_6' title="bbox 259 2135 1357 2867">
     <span class='ocr_line' id='line_1_18' title="bbox 264 2135 1356 2219; baseline -0.003 -17"><span class='ocrx_word' id='word_1_145' title='bbox 264 2141 369 2202; x_wconf 87' lang='lat' dir='ltr'><strong>Nonne</strong></span> <span class='ocrx_word' id='word_1_146' title='bbox 383 2141 532 2219; x_wconf 78' lang='lat' dir='ltr'><strong>indignum</strong></span> <span class='ocrx_word' id='word_1_147' title='bbox 549 2150 604 2212; x_wconf 89' lang='lat' dir='ltr'><strong>est,</strong></span> <span class='ocrx_word' id='word_1_148' title='bbox 623 2140 754 2210; x_wconf 88' lang='lat' dir='ltr'><strong>Judices,</strong></span> <span class='ocrx_word' id='word_1_149' title='bbox 768 2135 837 2200; x_wconf 80' lang='lat' dir='ltr'><strong>cum&#39;</strong></span> <span class='ocrx_word' id='word_1_150' title='bbox 859 2140 899 2208; x_wconf 82' lang='lat' dir='ltr'><strong>iri,</strong></span> <span class='ocrx_word' id='word_1_151' title='bbox 915 2140 1004 2198; x_wconf 85' lang='lat' dir='ltr'><strong>tantis</strong></span> <span class='ocrx_word' id='word_1_152' title='bbox 1019 2139 1133 2198; x_wconf 86' lang='lat' dir='ltr'><strong>daronis</strong></span> <span class='ocrx_word' id='word_1_153' title='bbox 1147 2140 1244 2209; x_wconf 81' lang='lat' dir='ltr'><strong>iactis,</strong></span> <span class='ocrx_word' id='word_1_154' title='bbox 1257 2159 1356 2219; x_wconf 84' lang='lat' dir='ltr'><strong>ueqos</strong></span> 
     </span>
     <span class='ocr_line' id='line_1_19' title="bbox 261 2233 1357 2313; baseline -0.002 -19"><span class='ocrx_word' id='word_1_155' title='bbox 261 2234 340 2294; x_wconf 86' lang='lat' dir='ltr'><strong>ullus</strong></span> <span class='ocrx_word' id='word_1_156' title='bbox 361 2236 435 2295; x_wconf 86' lang='lat' dir='ltr'><strong>alins</strong></span> <span class='ocrx_word' id='word_1_157' title='bbox 453 2256 489 2295; x_wconf 84' lang='lat' dir='ltr'><strong>cx</strong></span> <span class='ocrx_word' id='word_1_158' title='bbox 512 2236 545 2294; x_wconf 93' lang='lat' dir='ltr'><strong>iis</strong></span> <span class='ocrx_word' id='word_1_159' title='bbox 567 2234 672 2313; x_wconf 89' lang='lat' dir='ltr'><strong>quibus</strong></span> <span class='ocrx_word' id='word_1_160' title='bbox 687 2233 1003 2302; x_wconf 81' lang='lat' dir='ltr'><strong>adversa&#39;accidernnt,</strong></span> <span class='ocrx_word' id='word_1_161' title='bbox 1016 2234 1171 2311; x_wconf 87' lang='lat' dir='ltr'><strong>quicquam</strong></span> <span class='ocrx_word' id='word_1_162' title='bbox 1186 2244 1357 2308; x_wconf 84' lang='lat' dir='ltr'><strong>queruntur,</strong></span> 
     </span>
     <span class='ocr_line' id='line_1_20' title="bbox 262 2318 1355 2405; baseline -0.003 -19"><span class='ocrx_word' id='word_1_163' title='bbox 262 2327 313 2386; x_wconf 90' lang='lat' dir='ltr'><strong>sed</strong></span> <span class='ocrx_word' id='word_1_164' title='bbox 329 2347 413 2405; x_wconf 74' lang='lat' dir='ltr'><strong>nequo</strong></span> <span class='ocrx_word' id='word_1_165' title='bbox 427 2318 688 2387; x_wconf 43' lang='lat' dir='ltr'><strong>animo&#39;lortuoanr</strong></span> <span class='ocrx_word' id='word_1_166' title='bbox 710 2326 814 2395; x_wconf 84' lang='lat' dir='ltr'><strong>lerant,</strong></span> <span class='ocrx_word' id='word_1_167' title='bbox 829 2326 916 2383; x_wconf 86' lang='lat' dir='ltr'><strong>istum</strong></span> <span class='ocrx_word' id='word_1_168' title='bbox 936 2322 1128 2382; x_wconf 77' lang='lat' dir='ltr'><strong>calumniari?</strong></span> <span class='ocrx_word' id='word_1_169' title='bbox 1142 2342 1235 2399; x_wconf 46' lang='lat' dir='ltr'><strong>*quem</strong></span> <span class='ocrx_word' id='word_1_170' title='bbox 1250 2322 1355 2401; x_wconf 80' lang='lat' dir='ltr'><strong>ipsum</strong></span> 
     </span>
     <span class='ocr_line' id='line_1_21' title="bbox 262 2412 1355 2498; baseline -0.002 -20"><span class='ocrx_word' id='word_1_171' title='bbox 262 2420 421 2498; x_wconf 87' lang='lat' dir='ltr'><strong>deliquisse</strong></span> <span class='ocrx_word' id='word_1_172' title='bbox 436 2420 569 2497; x_wconf 90' lang='lat' dir='ltr'><strong>primum,</strong></span> <span class='ocrx_word' id='word_1_173' title='bbox 588 2421 665 2497; x_wconf 92' lang='lat' dir='ltr'><strong>qood</strong></span> <span class='ocrx_word' id='word_1_174' title='bbox 691 2418 770 2476; x_wconf 83' lang='lat' dir='ltr'><strong>sonas</strong></span> <span class='ocrx_word' id='word_1_175' title='bbox 788 2416 897 2475; x_wconf 82' lang='lat' dir='ltr'><strong>edocta</strong></span> <span class='ocrx_word' id='word_1_176' title='bbox 914 2412 1041 2474; x_wconf 82' lang='lat' dir='ltr'><strong>maceria</strong></span> <span class='ocrx_word' id='word_1_177' title='bbox 1061 2415 1137 2474; x_wconf 87' lang='lat' dir='ltr'><strong>vium</strong></span> <span class='ocrx_word' id='word_1_178' title='bbox 1155 2417 1355 2493; x_wconf 85' lang='lat' dir='ltr'><strong>angustiorem</strong></span> 
     </span>
     <span class='ocr_line' id='line_1_22' title="bbox 259 2505 1356 2590; baseline -0.002 -21"><span class='ocrx_word' id='word_1_179' title='bbox 259 2510 338 2580; x_wconf 80' lang='lat' dir='ltr'><strong>lecit,</strong></span> <span class='ocrx_word' id='word_1_180' title='bbox 353 2523 386 2569; x_wconf 90' lang='lat' dir='ltr'><strong>ut</strong></span> <span class='ocrx_word' id='word_1_181' title='bbox 409 2514 527 2571; x_wconf 90' lang='lat' dir='ltr'><strong>arbores</strong></span> <span class='ocrx_word' id='word_1_182' title='bbox 547 2532 614 2590; x_wconf 84' lang='lat' dir='ltr'><strong>qnae</strong></span> <span class='ocrx_word' id='word_1_183' title='bbox 639 2511 668 2568; x_wconf 92' lang='lat' dir='ltr'><strong>in</strong></span> <span class='ocrx_word' id='word_1_184' title='bbox 692 2510 740 2569; x_wconf 86' lang='lat' dir='ltr'><strong>ria</strong></span> <span class='ocrx_word' id='word_1_185' title='bbox 760 2509 875 2567; x_wconf 87' lang='lat' dir='ltr'><strong>fuerant</strong></span> <span class='ocrx_word' id='word_1_186' title='bbox 897 2507 1133 2585; x_wconf 86' lang='lat' dir='ltr'><strong>amplecteretur,</strong></span> <span class='ocrx_word' id='word_1_187' title='bbox 1146 2505 1254 2565; x_wconf 88' lang='lat' dir='ltr'><strong>deiude</strong></span> <span class='ocrx_word' id='word_1_188' title='bbox 1274 2508 1356 2584; x_wconf 89' lang='lat' dir='ltr'><strong>qnod</strong></span> 
     </span>
     <span class='ocr_line' id='line_1_23' title="bbox 260 2592 1355 2684; baseline -0.002 -23"><span class='ocrx_word' id='word_1_189' title='bbox 260 2600 354 2662; x_wconf 84' lang='lat' dir='ltr'><strong>eluvie</strong></span> <span class='ocrx_word' id='word_1_190' title='bbox 368 2602 397 2661; x_wconf 91' lang='lat' dir='ltr'><strong>iu</strong></span> <span class='ocrx_word' id='word_1_191' title='bbox 409 2592 484 2662; x_wconf 87' lang='lat' dir='ltr'><strong>viam</strong></span> <span class='ocrx_word' id='word_1_192' title='bbox 500 2596 627 2684; x_wconf 83' lang='lat' dir='ltr'><strong>projecta</strong></span> <span class='ocrx_word' id='word_1_193' title='bbox 639 2603 712 2661; x_wconf 86' lang='lat' dir='ltr'><strong>viam</strong></span> <span class='ocrx_word' id='word_1_194' title='bbox 728 2601 915 2679; x_wconf 80' lang='lat' dir='ltr'><strong>exaggeravit</strong></span> <span class='ocrx_word' id='word_1_195' title='bbox 926 2610 957 2657; x_wconf 83' lang='lat' dir='ltr'><strong>et</strong></span> <span class='ocrx_word' id='word_1_196' title='bbox 967 2594 1135 2667; x_wconf 85' lang='lat' dir='ltr'><strong>coarctavit,</strong></span> <span class='ocrx_word' id='word_1_197' title='bbox 1149 2620 1166 2658; x_wconf 91' lang='lat' dir='ltr'><strong>e</strong></span> <span class='ocrx_word' id='word_1_198' title='bbox 1180 2600 1355 2660; x_wconf 79' lang='lat' dir='ltr'><strong>testimoniis</strong></span> 
     </span>
     <span class='ocr_line' id='line_1_24' title="bbox 259 2690 1354 2774; baseline -0.002 -22"><span class='ocrx_word' id='word_1_199' title='bbox 259 2695 355 2753; x_wconf 85' lang='lat' dir='ltr'><strong>statim</strong></span> <span class='ocrx_word' id='word_1_200' title='bbox 367 2696 529 2755; x_wconf 86' lang='lat' dir='ltr'><strong>evidentius</strong></span> <span class='ocrx_word' id='word_1_201' title='bbox 544 2694 729 2774; x_wconf 87' lang='lat' dir='ltr'><strong>cognoscetis</strong></span> <span class='ocrx_word' id='word_1_202' title='bbox 740 2694 821 2772; x_wconf 86' lang='lat' dir='ltr'><strong>:jam</strong></span> <span class='ocrx_word' id='word_1_203' title='bbox 836 2711 900 2751; x_wconf 90' lang='lat' dir='ltr'><strong>eum</strong></span> <span class='ocrx_word' id='word_1_204' title='bbox 918 2690 988 2749; x_wconf 87' lang='lat' dir='ltr'><strong>nihil</strong></span> <span class='ocrx_word' id='word_1_205' title='bbox 1003 2690 1167 2769; x_wconf 84' lang='lat' dir='ltr'><strong>perdidisse</strong></span> <span class='ocrx_word' id='word_1_206' title='bbox 1181 2691 1354 2769; x_wconf 85' lang='lat' dir='ltr'><strong>nullumque</strong></span> 
     </span>
     <span class='ocr_line' id='line_1_25' title="bbox 260 2784 1355 2867; baseline -0.005 -19"><span class='ocrx_word' id='word_1_207' title='bbox 260 2786 365 2848; x_wconf 76' lang='lat' dir='ltr'><strong>iecisse</strong></span> <span class='ocrx_word' id='word_1_208' title='bbox 378 2789 518 2850; x_wconf 84' lang='lat' dir='ltr'><strong>damnum</strong></span> <span class='ocrx_word' id='word_1_209' title='bbox 532 2789 610 2867; x_wconf 90' lang='lat' dir='ltr'><strong>quod</strong></span> <span class='ocrx_word' id='word_1_210' title='bbox 626 2787 750 2863; x_wconf 86' lang='lat' dir='ltr'><strong>alicujus</strong></span> <span class='ocrx_word' id='word_1_211' title='bbox 765 2784 903 2844; x_wconf 84' lang='lat' dir='ltr'><strong>momenti</strong></span> <span class='ocrx_word' id='word_1_212' title='bbox 917 2784 965 2853; x_wconf 86' lang='lat' dir='ltr'><strong>sit,</strong></span> <span class='ocrx_word' id='word_1_213' title='bbox 975 2796 1005 2842; x_wconf 87' lang='lat' dir='ltr'><strong>et</strong></span> <span class='ocrx_word' id='word_1_214' title='bbox 1019 2797 1116 2842; x_wconf 85' lang='lat' dir='ltr'><strong>tamen</strong></span> <span class='ocrx_word' id='word_1_215' title='bbox 1127 2790 1238 2843; x_wconf 71' lang='lat' dir='ltr'><strong>toutmu</strong></span> <span class='ocrx_word' id='word_1_216' title='bbox 1251 2796 1355 2843; x_wconf 80' lang='lat' dir='ltr'><strong>contra</strong></span> 
     </span>
    </p>
   </div>
   <div class='ocr_carea' id='block_1_7' title="bbox 193 2879 1053 2953">
    <p class='ocr_par' dir='ltr' id='par_1_7' title="bbox 193 2879 1053 2953">
     <span class='ocr_line' id='line_1_26' title="bbox 193 2879 1053 2953; baseline -0.008 -9"><span class='ocrx_word' id='word_1_217' title='bbox 193 2888 194 2891; x_wconf 71' lang='grc'>’</span> <span class='ocrx_word' id='word_1_218' title='bbox 259 2900 306 2943; x_wconf 84' lang='lat' dir='ltr'><strong>me</strong></span> <span class='ocrx_word' id='word_1_219' title='bbox 321 2884 464 2945; x_wconf 81' lang='lat' dir='ltr'><strong>actionem</strong></span> <span class='ocrx_word' id='word_1_220' title='bbox 479 2882 648 2953; x_wconf 84' lang='lat' dir='ltr'><strong>instituisse,</strong></span> <span class='ocrx_word' id='word_1_221' title='bbox 664 2902 729 2941; x_wconf 86' lang='lat' dir='ltr'><strong>mox</strong></span> <span class='ocrx_word' id='word_1_222' title='bbox 746 2879 901 2939; x_wconf 84' lang='lat' dir='ltr'><strong>ostendere</strong></span> <span class='ocrx_word' id='word_1_223' title='bbox 915 2879 1053 2937; x_wconf 88' lang='lat' dir='ltr'><strong>conabor.</strong></span> 
     </span>
    </p>
   </div>
   <div class='ocr_carea' id='block_1_8' title="bbox 301 2968 1467 3048">
    <p class='ocr_par' dir='ltr' id='par_1_8' title="bbox 301 2968 1467 3048">
     <span class='ocr_line' id='line_1_27' title="bbox 301 2968 1467 3048; baseline -0.006 -14"><span class='ocrx_word' id='word_1_224' title='bbox 301 2978 330 3035; x_wconf 92' lang='grc'><strong>7.</strong></span> <span class='ocrx_word' id='word_1_225' title='bbox 355 2978 431 3037; x_wconf 87' lang='lat' dir='ltr'><strong>Cum</strong></span> <span class='ocrx_word' id='word_1_226' title='bbox 452 2996 519 3037; x_wconf 87' lang='lat' dir='ltr'><strong>mea</strong></span> <span class='ocrx_word' id='word_1_227' title='bbox 540 2988 632 3034; x_wconf 90' lang='lat' dir='ltr'><strong>muter</strong></span> <span class='ocrx_word' id='word_1_228' title='bbox 651 2975 772 3033; x_wconf 85' lang='lat' dir='ltr'><strong>istorum</strong></span> <span class='ocrx_word' id='word_1_229' title='bbox 793 2984 885 3029; x_wconf 88' lang='lat' dir='ltr'><strong>matre</strong></span> <span class='ocrx_word' id='word_1_230' title='bbox 901 2970 1079 3030; x_wconf 82' lang='lat' dir='ltr'><strong>laoriliariter</strong></span> <span class='ocrx_word' id='word_1_231' title='bbox 1092 2979 1232 3041; x_wconf 87' lang='lat' dir='ltr'><strong>uteretur,</strong></span> <span class='ocrx_word' id='word_1_232' title='bbox 1256 2968 1354 3048; x_wconf 90' lang='lat' dir='ltr'><strong>prius·</strong></span> <span class='ocrx_word' id='word_1_233' title='bbox 1461 3035 1467 3046; x_wconf 21' lang='grc' dir='ltr'>α</span> 
     </span>
    </p>
   </div>
   <div class='ocr_carea' id='block_1_9' title="bbox 255 3062 1354 4511">
    <p class='ocr_par' dir='ltr' id='par_1_9' title="bbox 255 3062 1354 4511">
     <span class='ocr_line' id='line_1_28' title="bbox 259 3062 1353 3147; baseline -0.006 -21"><span class='ocrx_word' id='word_1_234' title='bbox 259 3086 347 3147; x_wconf 80' lang='lat' dir='ltr'><strong>quant</strong></span> <span class='ocrx_word' id='word_1_235' title='bbox 361 3069 407 3128; x_wconf 89' lang='lat' dir='ltr'><strong>isti</strong></span> <span class='ocrx_word' id='word_1_236' title='bbox 422 3088 468 3128; x_wconf 91' lang='lat' dir='ltr'><strong>me</strong></span> <span class='ocrx_word' id='word_1_237' title='bbox 482 3066 650 3145; x_wconf 81' lang='lat' dir='ltr'><strong>calumniari</strong></span> <span class='ocrx_word' id='word_1_238' title='bbox 665 3066 834 3143; x_wconf 76' lang='lat' dir='ltr'><strong>coepissent,</strong></span> <span class='ocrx_word' id='word_1_239' title='bbox 847 3074 877 3122; x_wconf 87' lang='lat' dir='ltr'><strong>et</strong></span> <span class='ocrx_word' id='word_1_240' title='bbox 896 3064 987 3122; x_wconf 83' lang='lat' dir='ltr'><strong>altera</strong></span> <span class='ocrx_word' id='word_1_241' title='bbox 1000 3063 1037 3122; x_wconf 86' lang='lat' dir='ltr'><strong>ad</strong></span> <span class='ocrx_word' id='word_1_242' title='bbox 1052 3062 1172 3121; x_wconf 87' lang='lat' dir='ltr'><strong>alteram</strong></span> <span class='ocrx_word' id='word_1_243' title='bbox 1187 3063 1353 3131; x_wconf 87' lang='lat' dir='ltr'><strong>accederet,</strong></span> 
     </span>
     <span class='ocr_line' id='line_1_29' title="bbox 260 3152 1354 3229; baseline -0.004 -13"><span class='ocrx_word' id='word_1_244' title='bbox 260 3171 294 3217; x_wconf 91' lang='lat' dir='ltr'><strong>ut</strong></span> <span class='ocrx_word' id='word_1_245' title='bbox 318 3160 379 3218; x_wconf 89' lang='lat' dir='ltr'><strong>fieri</strong></span> <span class='ocrx_word' id='word_1_246' title='bbox 400 3159 486 3229; x_wconf 85' lang='lat' dir='ltr'><strong>solet,</strong></span> <span class='ocrx_word' id='word_1_247' title='bbox 507 3176 573 3216; x_wconf 92' lang='lat' dir='ltr'><strong>cum</strong></span> <span class='ocrx_word' id='word_1_248' title='bbox 598 3157 692 3215; x_wconf 81' lang='lat' dir='ltr'><strong>ambre</strong></span> <span class='ocrx_word' id='word_1_249' title='bbox 716 3167 747 3215; x_wconf 89' lang='lat' dir='ltr'><strong>et</strong></span> <span class='ocrx_word' id='word_1_250' title='bbox 767 3155 825 3213; x_wconf 91' lang='lat' dir='ltr'><strong>ruri</strong></span> <span class='ocrx_word' id='word_1_251' title='bbox 847 3155 1012 3213; x_wconf 88' lang='lat' dir='ltr'><strong>habitarent</strong></span> <span class='ocrx_word' id='word_1_252' title='bbox 1040 3167 1069 3213; x_wconf 85' lang='lat' dir='ltr'><strong>et</strong></span> <span class='ocrx_word' id='word_1_253' title='bbox 1090 3154 1164 3213; x_wconf 88' lang='lat' dir='ltr'><strong>inter</strong></span> <span class='ocrx_word' id='word_1_254' title='bbox 1189 3173 1221 3212; x_wconf 88' lang='lat' dir='ltr'><strong>se</strong></span> <span class='ocrx_word' id='word_1_255' title='bbox 1249 3152 1354 3212; x_wconf 78' lang='lat' dir='ltr'><strong>viciooe</strong></span> 
     </span>
     <span class='ocr_line' id='line_1_30' title="bbox 260 3244 1354 3320; baseline -0.005 -11"><span class='ocrx_word' id='word_1_256' title='bbox 260 3262 368 3320; x_wconf 88' lang='lat' dir='ltr'><strong>essent,</strong></span> <span class='ocrx_word' id='word_1_257' title='bbox 388 3260 418 3309; x_wconf 90' lang='lat' dir='ltr'><strong>et</strong></span> <span class='ocrx_word' id='word_1_258' title='bbox 441 3249 608 3308; x_wconf 78' lang='lat' dir='ltr'><strong>interritos</strong></span> <span class='ocrx_word' id='word_1_259' title='bbox 634 3244 721 3307; x_wconf 86' lang='lat' dir='ltr'><strong>etiam</strong></span> <span class='ocrx_word' id='word_1_260' title='bbox 743 3246 812 3307; x_wconf 90' lang='lat' dir='ltr'><strong>dnm</strong></span> <span class='ocrx_word' id='word_1_261' title='bbox 830 3245 965 3305; x_wconf 84' lang='lat' dir='ltr'><strong>vivebant</strong></span> <span class='ocrx_word' id='word_1_262' title='bbox 988 3245 1167 3305; x_wconf 82' lang='lat' dir='ltr'><strong>familiaritas</strong></span> <span class='ocrx_word' id='word_1_263' title='bbox 1189 3246 1354 3304; x_wconf 86' lang='lat' dir='ltr'><strong>intercede·</strong></span> 
     </span>
     <span class='ocr_line' id='line_1_31' title="bbox 259 3336 1354 3422; baseline -0.004 -19"><span class='ocrx_word' id='word_1_264' title='bbox 259 3356 318 3404; x_wconf 87' lang='lat' dir='ltr'><strong>ret:</strong></span> <span class='ocrx_word' id='word_1_265' title='bbox 338 3364 405 3403; x_wconf 89' lang='lat' dir='ltr'><strong>cum</strong></span> <span class='ocrx_word' id='word_1_266' title='bbox 419 3343 506 3422; x_wconf 83' lang='lat' dir='ltr'><strong>igitur</strong></span> <span class='ocrx_word' id='word_1_267' title='bbox 519 3361 583 3403; x_wconf 87' lang='lat' dir='ltr'><strong>mea</strong></span> <span class='ocrx_word' id='word_1_268' title='bbox 596 3354 688 3401; x_wconf 88' lang='lat' dir='ltr'><strong>mater</strong></span> <span class='ocrx_word' id='word_1_269' title='bbox 709 3340 747 3400; x_wconf 88' lang='lat' dir='ltr'><strong>ud</strong></span> <span class='ocrx_word' id='word_1_270' title='bbox 761 3336 1024 3399; x_wconf 55' lang='lat' dir='ltr'><strong>⁴istorum‘matrem</strong></span> <span class='ocrx_word' id='word_1_271' title='bbox 1040 3339 1175 3407; x_wconf 86' lang='lat' dir='ltr'><strong>venisset,</strong></span> <span class='ocrx_word' id='word_1_272' title='bbox 1190 3352 1276 3417; x_wconf 86' lang='lat' dir='ltr'><strong>atque</strong></span> <span class='ocrx_word' id='word_1_273' title='bbox 1301 3338 1354 3399; x_wconf 87' lang='lat' dir='ltr'><strong>illa</strong></span> 
     </span>
     <span class='ocr_line' id='line_1_32' title="bbox 260 3434 1353 3515; baseline -0.005 -18"><span class='ocrx_word' id='word_1_274' title='bbox 260 3436 453 3497; x_wconf 85' lang='lat' dir='ltr'><strong>calamitatem</strong></span> <span class='ocrx_word' id='word_1_275' title='bbox 469 3435 739 3515; x_wconf 79' lang='lat' dir='ltr'><strong>deploraret-nos</strong></span> <span class='ocrx_word' id='word_1_276' title='bbox 763 3435 804 3493; x_wconf 86' lang='lat' dir='ltr'><strong>ita</strong></span> <span class='ocrx_word' id='word_1_277' title='bbox 824 3434 988 3493; x_wconf 82' lang='lat' dir='ltr'><strong>audirimus</strong></span> <span class='ocrx_word' id='word_1_278' title='bbox 1002 3434 1108 3504; x_wconf 87' lang='lat' dir='ltr'><strong>omnia,</strong></span> <span class='ocrx_word' id='word_1_279' title='bbox 1121 3434 1257 3493; x_wconf 80' lang='lat' dir='ltr'><strong>lodices:</strong></span> <span class='ocrx_word' id='word_1_280' title='bbox 1271 3434 1353 3511; x_wconf 90' lang='lat' dir='ltr'><strong>qnod</strong></span> 
     </span>
     <span class='ocr_line' id='line_1_33' title="bbox 260 3527 1354 3609; baseline -0.004 -20"><span class='ocrx_word' id='word_1_281' title='bbox 260 3530 285 3589; x_wconf 89' lang='lat' dir='ltr'><strong>si</strong></span> <span class='ocrx_word' id='word_1_282' title='bbox 299 3530 366 3589; x_wconf 91' lang='lat' dir='ltr'><strong>dico</strong></span> <span class='ocrx_word' id='word_1_283' title='bbox 380 3548 447 3609; x_wconf 78' lang='lat' dir='ltr'><strong>quse</strong></span> <span class='ocrx_word' id='word_1_284' title='bbox 460 3529 497 3587; x_wconf 89' lang='lat' dir='ltr'><strong>de</strong></span> <span class='ocrx_word' id='word_1_285' title='bbox 510 3540 600 3587; x_wconf 87' lang='lat' dir='ltr'><strong>matre</strong></span> <span class='ocrx_word' id='word_1_286' title='bbox 612 3527 720 3600; x_wconf 81' lang='lat' dir='ltr'><strong>oudini,</strong></span> <span class='ocrx_word' id='word_1_287' title='bbox 729 3529 771 3586; x_wconf 85' lang='lat' dir='ltr'><strong>sic</strong></span> <span class='ocrx_word' id='word_1_288' title='bbox 782 3528 851 3586; x_wconf 87' lang='lat' dir='ltr'><strong>mihi</strong></span> <span class='ocrx_word' id='word_1_289' title='bbox 863 3528 955 3586; x_wconf 91' lang='lat' dir='ltr'><strong>molta</strong></span> <span class='ocrx_word' id='word_1_290' title='bbox 964 3529 1041 3587; x_wconf 88' lang='lat' dir='ltr'><strong>bona</strong></span> <span class='ocrx_word' id='word_1_291' title='bbox 1053 3527 1199 3597; x_wconf 84' lang='lat' dir='ltr'><strong>eveniant,</strong></span> <span class='ocrx_word' id='word_1_292' title='bbox 1210 3528 1254 3584; x_wconf 89' lang='lat' dir='ltr'><strong>sin</strong></span> <span class='ocrx_word' id='word_1_293' title='bbox 1269 3546 1354 3585; x_wconf 85' lang='lat' dir='ltr'><strong>men-</strong></span> 
     </span>
     <span class='ocr_line' id='line_1_34' title="bbox 259 3620 1352 3694; baseline -0.006 -10"><span class='ocrx_word' id='word_1_294' title='bbox 259 3623 324 3694; x_wconf 88' lang='lat' dir='ltr'><strong>tior,</strong></span> <span class='ocrx_word' id='word_1_295' title='bbox 333 3622 476 3683; x_wconf 86' lang='lat' dir='ltr'><strong>contraria</strong></span> <span class='ocrx_word' id='word_1_296' title='bbox 486 3620 640 3693; x_wconf 88' lang='lat' dir='ltr'><strong>horum—,</strong></span> <span class='ocrx_word' id='word_1_297' title='bbox 648 3640 685 3679; x_wconf 87' lang='lat' dir='ltr'><strong>ea</strong></span> <span class='ocrx_word' id='word_1_298' title='bbox 694 3640 725 3679; x_wconf 86' lang='lat' dir='ltr'><strong>se</strong></span> <span class='ocrx_word' id='word_1_299' title='bbox 737 3620 973 3681; x_wconf 83' lang='lat' dir='ltr'><strong>ornninovidisse</strong></span> <span class='ocrx_word' id='word_1_300' title='bbox 984 3630 1061 3679; x_wconf 87' lang='lat' dir='ltr'><strong>etex</strong></span> <span class='ocrx_word' id='word_1_301' title='bbox 1073 3620 1193 3677; x_wconf 89' lang='lat' dir='ltr'><strong>istorum</strong></span> <span class='ocrx_word' id='word_1_302' title='bbox 1201 3630 1290 3677; x_wconf 90' lang='lat' dir='ltr'><strong>matre</strong></span> <span class='ocrx_word' id='word_1_303' title='bbox 1297 3637 1352 3677; x_wconf 87' lang='lat' dir='ltr'><strong>au·</strong></span> 
     </span>
     <span class='ocr_line' id='line_1_35' title="bbox 258 3710 1351 3791; baseline -0.005 -15"><span class='ocrx_word' id='word_1_304' title='bbox 258 3714 365 3776; x_wconf 86' lang='lat' dir='ltr'><strong>dirisse</strong></span> <span class='ocrx_word' id='word_1_305' title='bbox 379 3715 504 3787; x_wconf 86' lang='lat' dir='ltr'><strong>dicebat,</strong></span> <span class='ocrx_word' id='word_1_306' title='bbox 519 3714 619 3774; x_wconf 90' lang='lat' dir='ltr'><strong>hordei</strong></span> <span class='ocrx_word' id='word_1_307' title='bbox 633 3713 858 3784; x_wconf 88' lang='lat' dir='ltr'><strong>commoduisse‚</strong></span> <span class='ocrx_word' id='word_1_308' title='bbox 869 3733 943 3791; x_wconf 88' lang='lat' dir='ltr'><strong>qnos</strong></span> <span class='ocrx_word' id='word_1_309' title='bbox 955 3715 1020 3791; x_wconf 87' lang='lat' dir='ltr'><strong>ipsa</strong></span> <span class='ocrx_word' id='word_1_310' title='bbox 1034 3711 1137 3771; x_wconf 88' lang='lat' dir='ltr'><strong>siccari</strong></span> <span class='ocrx_word' id='word_1_311' title='bbox 1151 3710 1351 3782; x_wconf 63' lang='lat' dir='ltr'><strong>vidissemus</strong></span> 
     </span>
     <span class='ocr_line' id='line_1_36' title="bbox 257 3796 1352 3884; baseline 0 -19"><span class='ocrx_word' id='word_1_312' title='bbox 257 3796 432 3880; x_wconf 86' lang='lat' dir='ltr'><strong>medimnos,</strong></span> <span class='ocrx_word' id='word_1_313' title='bbox 444 3807 545 3867; x_wconf 81' lang='lat' dir='ltr'><strong>larinoe</strong></span> <span class='ocrx_word' id='word_1_314' title='bbox 554 3806 667 3866; x_wconf 81' lang='lat' dir='ltr'><strong>circiter</strong></span> <span class='ocrx_word' id='word_1_315' title='bbox 675 3803 938 3878; x_wconf 87' lang='lat' dir='ltr'><strong>semimedimrinm,</strong></span> <span class='ocrx_word' id='word_1_316' title='bbox 948 3806 1003 3866; x_wconf 88' lang='lat' dir='ltr'><strong>olei</strong></span> <span class='ocrx_word' id='word_1_317' title='bbox 1015 3816 1219 3865; x_wconf 85' lang='lat' dir='ltr'><strong>avectamesse</strong></span> <span class='ocrx_word' id='word_1_318' title='bbox 1228 3803 1352 3884; x_wconf 83' lang='lat' dir='ltr'><strong>ur&#39;nplro·</strong></span> 
     </span>
     <span class='ocr_line' id='line_1_37' title="bbox 257 3896 1353 3978; baseline -0.001 -19"><span class='ocrx_word' id='word_1_319' title='bbox 257 3918 396 3960; x_wconf 85' lang='lat' dir='ltr'><strong>romeam</strong></span> <span class='ocrx_word' id='word_1_320' title='bbox 412 3898 533 3971; x_wconf 85' lang='lat' dir='ltr'><strong>dixisse,</strong></span> <span class='ocrx_word' id='word_1_321' title='bbox 546 3918 642 3977; x_wconf 88' lang='lat' dir='ltr'><strong>neque</strong></span> <span class='ocrx_word' id='word_1_322' title='bbox 657 3908 755 3957; x_wconf 88' lang='lat' dir='ltr'><strong>tamen</strong></span> <span class='ocrx_word' id='word_1_323' title='bbox 773 3898 801 3957; x_wconf 88' lang='lat' dir='ltr'><strong>ei</strong></span> <span class='ocrx_word' id='word_1_324' title='bbox 814 3899 970 3978; x_wconf 89' lang='lat' dir='ltr'><strong>quicquam</strong></span> <span class='ocrx_word' id='word_1_325' title='bbox 989 3896 1142 3958; x_wconf 78' lang='lat' dir='ltr'><strong>accidisse.</strong></span> <span class='ocrx_word' id='word_1_326' title='bbox 1158 3896 1285 3957; x_wconf 74' lang='lat' dir='ltr'><strong>‘Tantos</strong></span> <span class='ocrx_word' id='word_1_327' title='bbox 1304 3898 1353 3958; x_wconf 92' lang='lat' dir='ltr'><strong>isti</strong></span> 
     </span>
     <span class='ocr_line' id='line_1_38' title="bbox 257 3980 1351 4073; baseline 0 -22"><span class='ocrx_word' id='word_1_328' title='bbox 257 3990 356 4053; x_wconf 85' lang='lat' dir='ltr'><strong>clades</strong></span> <span class='ocrx_word' id='word_1_329' title='bbox 366 3980 756 4073; x_wconf 76' lang='lat' dir='ltr'><strong>occepcrnnl,dudices,pro</strong></span> <span class='ocrx_word' id='word_1_330' title='bbox 773 3989 883 4069; x_wconf 87' lang='lat' dir='ltr'><strong>quibus·</strong></span> <span class='ocrx_word' id='word_1_331' title='bbox 899 3990 977 4049; x_wconf 87' lang='lat' dir='ltr'><strong>mille</strong></span> <span class='ocrx_word' id='word_1_332' title='bbox 992 3988 1351 4051; x_wconf 72' lang='lat' dir='ltr'><strong>drachmarum‘roulctarn</strong></span> 
     </span>
     <span class='ocr_line' id='line_1_39' title="bbox 257 4082 1352 4163; baseline 0.002 -23"><span class='ocrx_word' id='word_1_333' title='bbox 257 4082 356 4161; x_wconf 74' lang='lat' dir='ltr'><strong>legum</strong></span> <span class='ocrx_word' id='word_1_334' title='bbox 370 4085 574 4145; x_wconf 80' lang='lat' dir='ltr'><strong>auctoritates</strong></span> <span class='ocrx_word' id='word_1_335' title='bbox 592 4102 639 4143; x_wconf 90' lang='lat' dir='ltr'><strong>me</strong></span> <span class='ocrx_word' id='word_1_336' title='bbox 659 4092 773 4163; x_wconf 85' lang='lat' dir='ltr'><strong>petunt.</strong></span> <span class='ocrx_word' id='word_1_337' title='bbox 814 4082 920 4161; x_wconf 88' lang='lat' dir='ltr'><strong>Neque</strong></span> <span class='ocrx_word' id='word_1_338' title='bbox 940 4082 1027 4154; x_wconf 85' lang='lat' dir='ltr'><strong>eninr,</strong></span> <span class='ocrx_word' id='word_1_339' title='bbox 1048 4082 1074 4141; x_wconf 86' lang='lat' dir='ltr'><strong>si</strong></span> <span class='ocrx_word' id='word_1_340' title='bbox 1093 4082 1352 4162; x_wconf 68' lang='lat' dir='ltr'><strong>parietiooeneteri</strong></span> 
     </span>
     <span class='ocr_line' id='line_1_40' title="bbox 258 4172 1353 4256; baseline 0.002 -24"><span class='ocrx_word' id='word_1_341' title='bbox 258 4172 433 4235; x_wconf 83' lang='lat' dir='ltr'><strong>domicilium</strong></span> <span class='ocrx_word' id='word_1_342' title='bbox 447 4176 595 4256; x_wconf 87' lang='lat' dir='ltr'><strong>imposuit,</strong></span> <span class='ocrx_word' id='word_1_343' title='bbox 612 4176 642 4235; x_wconf 92' lang='lat' dir='ltr'><strong>id</strong></span> <span class='ocrx_word' id='word_1_344' title='bbox 655 4175 862 4253; x_wconf 86' lang='lat' dir='ltr'><strong>mihiqnoqoe·</strong></span> <span class='ocrx_word' id='word_1_345' title='bbox 871 4172 1073 4253; x_wconf 83' lang='lat' dir='ltr'><strong>imputandum</strong></span> <span class='ocrx_word' id='word_1_346' title='bbox 1088 4186 1143 4246; x_wconf 85' lang='lat' dir='ltr'><strong>est,</strong></span> <span class='ocrx_word' id='word_1_347' title='bbox 1156 4175 1237 4255; x_wconf 91' lang='lat' dir='ltr'><strong>quod</strong></span> <span class='ocrx_word' id='word_1_348' title='bbox 1243 4194 1353 4253; x_wconf 82' lang='lat' dir='ltr'><strong>raeque</strong></span> 
     </span>
     <span class='ocr_line' id='line_1_41' title="bbox 255 4266 1352 4349; baseline 0.001 -23"><span class='ocrx_word' id='word_1_349' title='bbox 255 4268 374 4339; x_wconf 91' lang='lat' dir='ltr'><strong>corruit,</strong></span> <span class='ocrx_word' id='word_1_350' title='bbox 384 4288 477 4349; x_wconf 86' lang='lat' dir='ltr'><strong>neque</strong></span> <span class='ocrx_word' id='word_1_351' title='bbox 490 4271 645 4349; x_wconf 86' lang='lat' dir='ltr'><strong>quicquam</strong></span> <span class='ocrx_word' id='word_1_352' title='bbox 658 4268 775 4349; x_wconf 84' lang='lat' dir='ltr'><strong>gravius</strong></span> <span class='ocrx_word' id='word_1_353' title='bbox 787 4286 907 4346; x_wconf 87' lang='lat' dir='ltr'><strong>passum</strong></span> <span class='ocrx_word' id='word_1_354' title='bbox 916 4266 969 4326; x_wconf 73' lang='lat' dir='ltr'><strong>est</strong></span> <span class='ocrx_word' id='word_1_355' title='bbox 989 4269 1089 4334; x_wconf 80' lang='lat' dir='ltr'><strong>Quare</strong></span> <span class='ocrx_word' id='word_1_356' title='bbox 1101 4268 1298 4343; x_wconf 68' lang='lat' dir='ltr'><strong>sifaterersme</strong></span> <span class='ocrx_word' id='word_1_357' title='bbox 1308 4267 1352 4329; x_wconf 85' lang='lat' dir='ltr'><strong>eis</strong></span> 
     </span>
     <span class='ocr_line' id='line_1_42' title="bbox 257 4351 1352 4440; baseline 0.002 -21"><span class='ocrx_word' id='word_1_358' title='bbox 257 4358 387 4419; x_wconf 87' lang='lat' dir='ltr'><strong>omnium</strong></span> <span class='ocrx_word' id='word_1_359' title='bbox 405 4362 548 4423; x_wconf 84' lang='lat' dir='ltr'><strong>malorum</strong></span> <span class='ocrx_word' id='word_1_360' title='bbox 568 4373 714 4425; x_wconf 85' lang='lat' dir='ltr'><strong>auctorem</strong></span> <span class='ocrx_word' id='word_1_361' title='bbox 730 4351 809 4432; x_wconf 77' lang='lat' dir='ltr'><strong>esse,</strong></span> <span class='ocrx_word' id='word_1_362' title='bbox 830 4372 926 4421; x_wconf 65' lang='lat' dir='ltr'><strong>umen</strong></span> <span class='ocrx_word' id='word_1_363' title='bbox 947 4380 1015 4440; x_wconf 79' lang='lat' dir='ltr'><strong>quae</strong></span> <span class='ocrx_word' id='word_1_364' title='bbox 1033 4361 1266 4423; x_wconf 83' lang='lat' dir='ltr'><strong>commadoerint</strong></span> <span class='ocrx_word' id='word_1_365' title='bbox 1287 4362 1352 4421; x_wconf 81' lang='lat' dir='ltr'><strong>brec</strong></span> 
     </span>
     <span class='ocr_line' id='line_1_43' title="bbox 256 4447 1261 4511; baseline -0.003 0"><span class='ocrx_word' id='word_1_366' title='bbox 256 4453 380 4511; x_wconf 83' lang='lat' dir='ltr'><strong>luerunt.</strong></span> <span class='ocrx_word' id='word_1_367' title='bbox 578 4447 582 4457; x_wconf 83' lang='lat'>&#39;</span> <span class='ocrx_word' id='word_1_368' title='bbox 1259 4463 1261 4466; x_wconf 84' lang='grc'><strong><em>·</em></strong></span> 
     </span>
    </p>
   </div>
   <div class='ocr_carea' id='block_1_10' title="bbox 0 0 1488 5017">
    <p class='ocr_par' dir='ltr' id='par_1_10' title="bbox 0 0 1488 5017">
     <span class='ocr_line' id='line_1_44' title="bbox 0 0 1488 5017; baseline 0 2"><span class='ocrx_word' id='word_1_369' title='bbox 0 0 1488 5017; x_wconf 95' lang='lat' dir='ltr'><strong> </strong></span> 
     </span>
    </p>
   </div>
  </div>
 </body>
</html>
