2967 5017
418 336 635 402 ADVERSUS
652 338 927 404 PHAENIPPUM.
1168 349 1226 410 607

10 525 11 544 1
128 491 200 572 quid
213 491 295 552 hisce
310 491 340 550 in
352 509 437 551 usum
450 493 618 574 reipublice
631 505 764 572 prestes,
776 495 913 558 didicisti.
934 497 1000 577 Ego
1012 517 1082 558 vero
1098 499 1218 560 demon·

129 585 230 644 strabo
242 603 300 654 me,
314 582 445 663 pauculis
460 604 479 643 a
490 595 570 663 patre
586 586 723 666 acceptis,
737 589 829 648 multa
842 589 1041 669 insumpsisse.
1083 591 1142 651 Sed
1161 593 1220 671 pri·

10 703 11 706 ¹
130 697 210 737 nrum
225 677 320 755 legem
340 674 418 734 illam
433 676 501 736 milri
516 677 615 754 legito,
630 699 697 757 quea
711 699 771 738 nou
785 679 852 740 sinit
865 682 1020 760 quicquam
1034 681 1114 761 quod
1126 683 1157 742 in
1174 684 1219 744 io-

131 770 209 830 dinis
224 779 271 830 est
283 768 441 842 declarare,
455 779 486 828 et
499 773 739 848 provocationem,
755 772 860 832 deinde
874 773 1047 848 testimonia,
1061 785 1094 835 ut
1105 784 1222 838 constet

130 861 323 942 Plraenippum
337 861 410 920 duas
425 861 576 923 munificas
588 862 712 923 familias
727 864 896 926 hereditate
908 877 1107 928 consecutum.

315 1093 407 1154 LEX.
449 1091 726 1156 PROVOCATIO.
767 1093 1037 1156 TESTIMONIA.

173 1278 202 1334 8.
219 1275 314 1335 Unico
327 1275 472 1334 duntaxat
486 1273 638 1352 Phaeuippi
658 1274 740 1334 istius
753 1273 784 1332 iu
798 1293 861 1346 vos,
874 1276 1006 1347 ludices,
1025 1275 1223 1338 munificentia

131 1367 248 1427 ostendi
258 1376 365 1447 potest.
407 1366 506 1444 Equos
520 1365 643 1426 solerter
657 1375 687 1426 et
701 1385 809 1444 magno
823 1367 919 1428 studio
933 1369 994 1440 alit,
1005 1379 1037 1427 ut
1049 1370 1222 1431 adolescens

130 1471 162 1519 et
174 1459 304 1540 locuples
318 1470 349 1518 et
362 1460 509 1518 robustus.
544 1458 701 1526 Quodnam
712 1461 775 1539 ejus
787 1459 829 1519 rei
842 1469 1044 1540 argumentum
1058 1461 1124 1522 esti
1141 1463 1223 1522 Ven-

130 1549 192 1611 dito
206 1571 281 1630 equo
294 1551 400 1612 bellico
414 1553 451 1612 ab
466 1551 549 1629 equis
569 1550 731 1623 descendit,
746 1561 777 1611 et
796 1571 850 1631 pro
864 1573 900 1613 eo
919 1553 1084 1613 vehiculum
1098 1553 1153 1613 sibi
1165 1555 1223 1613 ista

129 1653 218 1703 estate
233 1645 420 1722 comparavit,
438 1653 472 1701 ut
492 1663 531 1702 ne
551 1642 644 1721 pedes
664 1643 937 1722 ambulet,—usque
956 1646 1030 1704 adeo
1043 1645 1154 1704 deliciis
1167 1646 1223 1704 iste

10 1773 11 1778 κ
128 1735 292 1794 diffluit-:
313 1745 344 1792 et
359 1735 416 1794 hoc
434 1733 552 1812 quidem
577 1734 645 1790 mihi
667 1734 831 1813 descripsit,
856 1735 909 1794 sed
930 1735 1033 1794 hordei
1058 1747 1088 1793 et
1113 1735 1226 1797 vinies

126 1836 303 1886 caeterorum
328 1845 393 1905 quae
413 1847 429 1886 e
447 1825 538 1884 fundo
552 1827 724 1904 proveniunt
747 1845 783 1884 ne
804 1826 947 1885 decimam
964 1825 1082 1905 quidem
1102 1837 1225 1906 partem.

128 1919 240 1998 Operm
260 1919 385 1996 pretium
409 1918 541 1978 nimirum
565 1927 613 1976 est
632 1936 699 1975 eum
718 1937 798 1978 nunc
818 1918 938 1978 missum
962 1920 1069 1991 facere,
1087 1921 1223 1998 quoniam

127 2011 303 2071 industriam
322 2030 405 2070 suam
419 2019 450 2071 et
463 2009 584 2091 reipubl.
596 2010 725 2070 studium
746 2019 808 2070 tum
826 2031 947 2091 corpore
960 2021 1022 2071 turn
1036 2011 1224 2073 facultatibus
1330 2085 1335 2094 Ι

128 2103 310 2164 declaravit?
331 2103 459 2162 Multum
471 2113 550 2162 certe
559 2103 651 2162 abest.
693 2103 842 2162 Bonorum
855 2104 931 2162 enim
949 2104 1083 2184 judicum
1101 2114 1157 2176 est,
1171 2125 1223 2167 eos

10 2239 11 2242 η
129 2199 208 2257 circs
230 2197 290 2274 qui,
310 2216 377 2256 cum
399 2216 460 2257 rem
480 2195 601 2274 habent,
620 2195 697 2256 ultro
711 2196 884 2276 largiuntur,
906 2197 954 2276 qui
976 2197 1005 2256 in
1028 2208 1223 2259 trecentorum

127 2291 223 2350 classe
238 2299 317 2359 sunt,
331 2291 355 2348 si
369 2289 400 2348 id
413 2289 454 2349 eis
465 2308 538 2368 opus
554 2288 651 2360 fuerit,
666 2287 816 2349 relaxare:
835 2289 855 2348 ii
866 2309 934 2350 vero
947 2291 997 2368 qui
1011 2311 1043 2350 se
1057 2291 1086 2350 id
1100 2292 1223 2370 perdere

10 2369 11 2462 p
128 2391 242 2462 putant,
256 2381 334 2460 quod
345 2381 375 2440 in
389 2381 596 2460 rempublicam
606 2382 791 2454 contulerint,
805 2382 836 2442 in
849 2402 901 2442 eos
914 2384 964 2462 qui
982 2384 1067 2462 primi
1083 2385 1223 2444 tributum

10 2469 11 2538 Ῠ
129 2475 284 2534 conferunt
306 2484 374 2533 eunt
394 2473 548 2546 referendi,
563 2492 657 2552 neque
670 2474 895 2553 permittendum
910 2486 942 2535 ut
954 2475 1077 2556 fugiant.
1120 2476 1224 2540 Recita

10 2553 11 2586 l
129 2567 252 2646 primum
265 2567 471 2639 testimouium,
481 2565 587 2625 deinde
601 2564 826 2626 declarationem
840 2569 914 2647 ejus.

364 2781 668 2842 TESTIMONIUM.
711 2782 983 2842 DECLARATIO.

10 2985 11 3052 p
131 2965 243 3025 Omitte
265 2964 330 3034 ista,
345 2963 399 3023 etsi
423 2963 499 3022 enim
522 2961 616 3022 multa
639 2957 726 3022 domo
749 2959 862 3033 extulit,
879 2961 1014 3036 Judices,
1033 2962 1222 3043 Phaenippus‚

10 3059 11 3096 ²
130 3058 283 3138 resignatis
298 3056 427 3117 aediliciis
443 3075 508 3135 quae
530 3055 704 3136 consignata
721 3055 846 3128 fuerant,
861 3055 989 3115 utrobis
1003 3057 1158 3118 alentibus
1172 3078 1223 3118 ex-

128 3153 271 3231 plicatum
284 3159 340 3224 est,
356 3161 387 3209 et
399 3149 505 3209 relictis
519 3168 586 3227 quae
600 3148 626 3207 ei
642 3147 700 3206 visa
713 3159 792 3221 sunt,
804 3146 933 3207 secundo
947 3168 1047 3209 mense
1061 3148 1130 3208 mibi
1142 3149 1224 3210 dedit

10 3289 11 3292 ,
130 3243 357 3304 declarationem
369 3242 410 3301 rei
425 3241 587 3302 familiaris:
611 3240 663 3300 sed
683 3249 781 3298 tamen
795 3239 896 3301 omitte
909 3241 974 3301 ista.
1017 3240 1122 3304 Recita
1135 3245 1172 3304 ab
1185 3263 1221 3304 eo

10 3357 11 3372 ³
128 3337 194 3397 loco
208 3335 359 3415 deinceps,
370 3335 463 3418 Super
476 3333 521 3392 his
535 3334 600 3394 hoec
615 3333 717 3394 debeo.

540 3549 820 3611 DECLARATIO.

131 3707 253 3768 Desine.
293 3705 355 3766 lsta
369 3705 534 3782 Aristonoe‚
549 3706 567 3765 J
571 3705 680 3777 udices,
694 3706 864 3790 Philostrati
878 3708 1004 3782 illiceat,
1017 3709 1099 3770 istius
1119 3719 1219 3770 mater.

129 3801 166 3861 Ei
187 3820 221 3860 ee
241 3798 418 3881 Phaenippus
439 3799 539 3858 dotem
560 3797 666 3860 debere
686 3799 769 3874 dicit,
782 3802 866 3881 cnjus
887 3822 954 3862 enm
977 3802 1058 3882 leges
1072 3802 1220 3862 dominum

127 3893 321 3964 constituunt,
336 3894 366 3952 in
380 3912 439 3972 quo
451 3891 589 3952 mentitur
602 3905 632 3950 et
653 3912 712 3953 non
729 3893 812 3973 justa
829 3896 918 3954 utitur
932 3895 1118 3955 indicatione.
1160 3893 1222 3955 cm

127 3986 205 4046 enim
218 4005 285 4066 ego,
304 3984 475 4066 Phaenippe‚
489 4003 556 4044 cum
582 3995 674 4046 mater
695 4005 762 4045 mea
781 3997 898 4048 maneat
916 3987 947 4046 in
969 3986 1082 4046 aedibus
1100 3986 1172 4046 meis
1190 3997 1221 4048 et

128 4079 208 4139 vivat
228 4088 259 4138 et
281 4079 381 4139 dotem
404 4077 541 4152 attulerit,
557 4075 657 4138 d'otem
680 4079 744 4158 ejus
767 4079 797 4138 in
815 4099 873 4139 tere
888 4080 983 4139 alieno
1004 4099 1063 4140 non
1082 4100 1222 4160 recenseo

128 4190 222 4252 neque
235 4170 353 4252 decipio
365 4169 384 4229 J
387 4169 498 4242 udices,
513 4169 566 4230 sed
579 4190 709 4230 mearum
723 4191 810 4252 opum
823 4171 888 4233 sino
900 4171 1069 4252 participem
1082 4193 1148 4235 esse
1157 4193 1221 4254 ma:
1313 4181 1317 4189 '

10 4327 11 4332 1
126 4274 213 4338 trem,
226 4264 289 4324 sire
305 4262 469 4342 Phaenippi‚
482 4261 545 4322 sive
555 4281 634 4324 meas
647 4264 773 4325 habeam
787 4263 963 4324 facultates?
985 4263 1072 4340 Quia,
1082 4267 1157 4327 bone
1167 4267 1221 4342 sir,

10 4369 11 4392 ³
127 4356 210 4436 leges
224 4355 412 4435 liaecjubent,
426 4367 459 4415 tu
473 4367 572 4417 autem
586 4367 689 4418 contra
699 4357 781 4436 leges
792 4357 835 4416 eis
845 4356 952 4418 omnia.
994 4357 1215 4442 Recitantium
