2967 5017
447 340 614 405 CONTRA
634 336 924 405 Theocritum
1165 334 1224 395 701

1022 492 1029 503 Ι
1062 490 1079 527 'a

1195 508 1210 521 ἰ

1022 524 1026 533 ¹
1152 533 1159 545 O

559 590 832 655 TESTIMONIA.

132 748 243 815 Recita
257 752 344 813 etiarn
357 760 519 813 ceterorum
533 748 664 830 ejusdem
685 748 798 828 generis
812 746 914 811 ordine
928 743 1106 819 testimonia,
1117 718 1230 805 et'cnnr

134 844 305 931 Hyperidis,
317 857 380 909 tum
390 844 607 907 Demosthenis.
643 842 770 920 Insignis
783 842 860 902 enim
873 848 921 901 est
932 838 1071 911 avaritia,
1085 856 1105 896 a
1122 835 1229 914 quibus

130 956 223 1009 nemo
247 937 376 1017 postulet
397 954 541 1009 nummos,
563 934 650 995 istum
676 931 868 994 libentissime
886 931 1028 1011 accipere,
1053 927 1229 991 vendentem

130 1030 349 1093 accusationes.

550 1178 819 1241 TESTIMONIA.

178 1340 227 1397 10.
248 1338 307 1398 Isto
321 1355 408 1417 porro
421 1335 520 1396 statim
533 1333 623 1407 dicet,
643 1344 800 1416 propterea
815 1356 849 1396 se
860 1354 927 1395 esse
941 1333 1083 1404 delatum,
1097 1339 1131 1389 ut
1142 1330 1182 1389 ab
1193 1346 1231 1387 ea

127 1430 260 1493 desistat
271 1430 397 1502 actione,
410 1448 498 1507 quarn
516 1436 617 1489 contre
631 1426 861 1491 Demosthenem
880 1439 913 1488 et
924 1424 1125 1507 Urocydidem
1145 1419 1230 1479 insti·

129 1523 242 1595 tuerit;
264 1522 389 1585 callidus
401 1520 479 1582 enim
492 1530 537 1581 est
547 1518 716 1593 mentiendi,
727 1531 762 1582 et
770 1540 915 1601 nuptum
928 1519 1042 1583 artilex.
1075 1514 1139 1575 Noa
1149 1530 1230 1581 vero·

128 1615 270 1693 Iudices,
291 1624 323 1674 ot
341 1614 399 1673 hnc
418 1612 675 1685 consideravimus,
695 1612 838 1694 vobisque
860 1609 1136 1679 demonstrabimus,
1157 1602 1229 1663 nihil

127 1722 242 1786 capere
265 1702 431 1766 detrimenti
452 1704 673 1783 rempanIcam‚
690 1706 763 1777 sire,
775 1706 818 1765 ita
835 1722 884 1767 me
902 1716 980 1765 amet
992 1701 1118 1782 Jupiter,
1132 1710 1229 1758 ratum

128 1800 280 1859 habeatur
292 1797 441 1857 decretum
451 1794 643 1875 Thucydidis,
655 1796 716 1857 sive
728 1796 838 1857 Irritom
850 1799 912 1857 dat.
943 1797 1120 1871 Quanquam
1130 1800 1228 1849 summ

127 1890 305 1970 hujusmodi
330 1887 516 1949 defensiones
539 1887 619 1966 apud
639 1906 691 1949 eos
712 1889 763 1967 qui
785 1907 818 1949 se
837 1887 1079 1969 pmnnnclsturos
1094 1886 1230 1965 jurarant

129 1980 299 2043 secundum
312 1980 404 2059 leges,
415 1978 538 2061 pmlerri
550 1979 689 2055 injustum
703 1990 767 2041 est:
786 1991 886 2041 tamen
901 1998 941 2041 ex
949 1981 1017 2061 ipsa
1030 1978 1128 2039 statim
1139 1991 1229 2035 acm·

128 2074 249 2136 satione
261 2072 457 2152 cognoscetis,
472 2070 510 2132 ad
522 2070 700 2133 eludendam
719 2073 797 2135 hanc
814 2072 1001 2147 deletionem,
1014 2068 1229 2133 accusationem

128 2168 213 2229 illam
228 2164 382 2246 pertinere.
422 2162 529 2225 Recita
541 2164 742 2227 accusationes
754 2165 820 2225 has.

394 2378 601 2442 DECRETA.
642 2374 966 2441 ACOUSATIONES.

132 2526 212 2587 IIrec
225 2523 355 2595 decreta,
374 2522 508 2593 JudIces,
526 2540 579 2583 seu
599 2531 664 2583 rata
675 2520 848 2589 habeantur,
860 2540 913 2583 seu
933 2521 1229 2594 damnentur,-nam

132 2636 203 2679 mea
216 2613 333 2695 quidem
346 2613 378 2673 id
391 2612 462 2672 nihil
479 2612 648 2686 interest-,
661 2612 734 2693 quid
752 2612 855 2675 civitas
867 2625 920 2677 aut
931 2614 1006 2676 lucri
1015 2613 1097 2687 facit,
1110 2622 1162 2675 ant
1174 2612 1229 2677 da·

132 2706 216 2769 mnil
238 2703 383 2784 Equidem
405 2701 477 2763 nihil
500 2703 632 2763 arbitror.
672 2703 819 2765 Tenedios
842 2705 921 2765 enlm
941 2706 1024 2765 aium
1039 2703 1110 2765 nibli
1126 2723 1229 2766 curare

132 2808 265 2861 nostram
278 2794 435 2867 civitatem,
453 2792 542 2873 idque
555 2814 608 2873 per
620 2792 813 2857 Theocrirsem
826 2815 893 2858 esse
904 2796 1026 2859 factum.
1067 2794 1229 2858 calamon·

132 2892 213 2953 snitu
235 2908 288 2969 per
310 2886 398 2947 istum
421 2884 542 2967 appetiti
563 2886 622 2947 illis
641 2888 831 2967 temporibus,
844 2889 951 2967 quibus
968 2906 1070 2948 eorum
1091 2887 1140 2948 slii
1157 2886 1229 2947 Phi-

130 2984 224 3064 lippo,
238 2982 289 3043 alii
302 2978 529 3043 Atheniensibus
540 2980 707 3055 studebant,
718 2999 787 3043 cum
800 2981 937 3043 audirent
948 2981 1056 3060 iniquae
1068 2982 1229 3060 rogationis

132 3076 276 3158 postulari
288 3076 440 3137 decretum
452 3072 536 3145 illud,
550 3073 629 3153 qood
645 3074 791 3135 Charinus
805 3086 873 3137 ante
885 3077 1035 3137 decretum
1048 3074 1087 3135 de
1106 3074 1227 3152 tributo,

132 3166 307 3251 Thucydide
332 3177 451 3229 auctore
471 3166 592 3240 lactum,
612 3171 776 3239 accustsrat,
788 3186 845 3227 nec
859 3168 953 3229 ullum
962 3188 1029 3229 esse
1048 3188 1145 3229 rorum
1166 3169 1228 3231 exi·

132 3272 206 3336 tom,
220 3260 276 3323 sed
288 3258 449 3321 concedere
460 3258 611 3339 populum,
625 3268 660 3318 ut
672 3257 794 3319 Tenedii
805 3268 920 3321 tantum
938 3260 1038 3321 tributi
1054 3260 1228 3340 ponderent,
1242 3335 1245 3344 Ι

133 3364 278 3434 quantum
292 3350 411 3411 Chareti
423 3350 491 3411 duci
504 3349 711 3431 promisissent,
721 3351 809 3411 istum
818 3360 914 3415 antem
928 3352 1073 3433 impurum
1082 3350 1228 3417 hommem

134 3444 296 3525 pollicitum
311 3440 439 3503 Charino
460 3442 601 3522 proditori
625 3450 708 3503 susm
730 3462 859 3522 operam,
879 3443 959 3523 quod
976 3462 1097 3505 necesse
1115 3445 1227 3507 habue-

134 3548 211 3609 runt,
225 3534 259 3597 id
272 3534 413 3594 lecerunt.
448 3532 495 3593 Ex
508 3533 678 3614 urgentibus
688 3534 766 3593 enlm
779 3533 864 3595 mulis
872 3532 903 3593 id
916 3534 996 3613 quod
1010 3534 1066 3594 fuit
1078 3535 1226 3597 mintrnum

134 3627 298 3709 elegerunt.
338 3624 419 3693 Quid
431 3644 500 3685 vero
521 3625 672 3706 probabile
693 3625 759 3699 luit,
780 3644 832 3686 eos
854 3627 1033 3687 nostratibus
1051 3630 1160 3687 moveri
1173 3629 1227 3689 de-

136 3722 231 3795 cretis,
244 3718 352 3801 quibos
370 3716 527 3799 optabilius
545 3717 601 3778 luit
617 3718 753 3798 presidia
765 3720 905 3800 recipere,
919 3729 950 3781 et
962 3717 1099 3781 Barbarie
1112 3740 1226 3800 parere,

136 3824 232 3877 vestre
244 3813 387 3875 societate
399 3809 523 3873 relicta?
544 3810 597 3871 sed
610 3812 693 3875 Istius
707 3812 783 3873 serre
796 3814 1011 3894 Improhitatem
1025 3810 1080 3872 soli
1089 3832 1153 3884 ros,
1163 3814 1226 3894 opi-

137 3926 199 3981 nor,
208 3904 348 3989 potestis:
369 3902 445 3965 alius
461 3900 631 3965 Graecorum
646 3924 745 3967 nemo.

177 4000 224 4059 ll.
246 3996 317 4060 Non
330 3994 487 4059 convenire
499 4004 598 4059 autem
610 3994 658 4058 vel
671 4007 792 4078 propter
809 4016 862 4060 ces
874 4016 941 4081 quas
953 3996 1082 4059 recitata
1094 4008 1165 4058 sunt
1177 4018 1228 4061 ac-

138 4091 312 4162 ouationes,
327 4089 373 4149 rel
387 4088 477 4151 ullam
489 4087 577 4151 sliam
590 4090 629 4151 ob
650 4108 781 4162 causam,
791 4089 907 4152 violatis
920 4088 1100 4151 delationum
1112 4089 1228 4171 legibus

139 4182 248 4247 absolsi
272 4180 477 4255 Theocrinem,
495 4200 532 4243 ex
555 4180 602 4243 bis
622 4182 794 4262 etiamque
812 4180 892 4245 dicta
913 4192 992 4253 snut,
1006 4182 1096 4249 terme
1113 4183 1229 4267 perspi·

140 4271 227 4335 citur:
249 4294 306 4357 ego
319 4292 388 4336 vero
400 4293 507 4335 causas
520 4274 652 4349 istorum,
672 4274 804 4346 ludices,
825 4284 857 4333 et
872 4273 1083 4349 accusationes,
1096 4286 1128 4335 et
1138 4276 1228 4337 dmu-

139 4363 212 4429 latss
229 4368 301 4429 ister
314 4366 487 4441 simultates,
501 4386 561 4429 non
582 4366 671 4429 latere
684 4386 736 4428 vos
754 4364 899 4427 existimo.
941 4366 1047 4448 Neque
1068 4367 1145 4429 enim
1161 4388 1229 4431 raro

140 4455 249 4522 vidistis
275 4480 326 4521 eos
349 4461 379 4521 in
398 4460 462 4523 loro
476 4470 506 4521 et
523 4470 663 4539 suggesto
676 4479 737 4539 pre
757 4478 789 4521 se
808 4458 884 4521 serre
902 4458 1079 4532 inimicitias,
1092 4461 1227 4541 privatius

674 4556 726 4611 be
