2967 5017
406 406 410 422 .
464 353 509 414 ru
530 324 867 417 crnsiruorrrnu.
1157 354 1211 412 ιιι

115 511 205 591 jerut,
227 527 403 591 semperque
426 508 507 590 spud
533 509 654 572 eotdem
680 508 735 570 sibi
758 509 848 570 fidem
867 526 936 570 esse
954 507 1054 585 jussu
1076 504 1217 586 postulet,

84 639 87 643 ·
119 605 244 664 duorum
266 604 390 664 alterurn
409 613 569 684 suppetere
580 613 725 683 oportere,
738 623 864 682 quorum
883 612 1020 664 neutrum
1039 612 1217 662 consecutus

118 707 166 755 est
178 697 404 771 Demosthenes,
417 705 469 758 sut
481 697 553 756 deos
566 715 660 757 noros
672 706 725 756 sut
737 715 797 756 nou
810 695 934 756 eosdem
948 695 1106 755 auditores.
1146 694 1217 754 Jum

119 789 199 866 quod
213 789 254 850 nd
269 789 418 870 lscrymus
429 790 536 850 sttiuet
556 799 589 849 et
599 789 817 850 contentionem
838 789 929 860 rucis,
949 807 1082 848 cururos
1103 787 1218 866 rugnbit

117 886 191 956 quo
214 881 462 962 confugium,
485 877 798 940 Athenienses?
823 877 1140 938 circumscribetis
1161 897 1217 937 me

42 1031 47 1044 „
118 974 426 1053 ex-republicus
446 991 523 1033 nou
545 981 608 1033 est
626 991 706 1050 quo
725 992 779 1032 me
800 972 1002 1052 recipiam,
1021 970 1216 1032 hmceicon·

120 1073 169 1122 trs
189 1063 299 1124 referte
323 1073 363 1124 et
389 1063 569 1144 populus
594 1064 867 1145 Atheniensis
892 1083 968 1141 quo
993 1063 1215 1140 confugiet,

121 1154 447 1219 Demosthenes?
475 1154 524 1214 sd
543 1173 654 1232 quern
676 1155 879 1215 sociorum
907 1163 1138 1234 uppstetum
1157 1154 1217 1214 vel

121 1246 171 1306 sd
200 1266 312 1325 quum
337 1246 568 1325 pecuniam?⁸
603 1265 689 1325 qum
722 1246 808 1308 dnm
835 1256 875 1305 tu
911 1267 1026 1325 remp.
1061 1260 1218 1326 gereres

119 1343 267 1420 populo
294 1341 543 1400 munimenta
568 1339 840 1420 compereunt
875 1359 963 1399 nem
989 1340 1138 1418 quibus
1162 1361 1217 1400 re·
1300 1331 1306 1354 ¹

119 1434 194 1492 bus
220 1432 296 1492 sibi
320 1431 401 1510 ipsi
428 1431 704 1503 consulueris,
728 1451 864 1492 omues
890 1431 1080 1492 ridemus.
1112 1433 1216 1492 Urbe

121 1521 226 1582 enim
255 1523 515 1595 relictu0uon,
547 1534 590 1583 ut
620 1533 658 1582 te
684 1523 812 1584 videri
840 1522 962 1594 nelis,
995 1522 1032 1580 in
1063 1521 1216 1582 Piruueu

105 1616 297 1689 lebiton,
325 1617 396 1678 sed
422 1617 561 1695 fugem
591 1636 637 1676 ex
662 1616 836 1677 civitate
861 1625 1033 1694 spectes,
1056 1615 1218 1694 jamque.

122 1709 295 1786 ignavie
316 1719 392 1769 tuse
415 1708 818 1788 riutiusproridisti
842 1726 977 1768 eurum
1005 1707 1151 1786 regium
1179 1719 1218 1770 et

121 1802 316 1879 peculatu
336 1801 533 1880 quesitus
553 1821 661 1879 opes.

161 1895 212 1954 73.
232 1894 369 1973 Denique
391 1913 530 1971 quorsum
555 1892 714 1971 lucrymrel
744 1911 884 1970 quorsum
905 1889 1047 1971 ejulatio?
1079 1909 1219 1969 quorsum

122 1992 207 2044 tenta
225 1985 277 2046 illu
290 1985 561 2046 rociscouteutiol
584 1985 691 2044 Nonne
704 1985 729 2044 is
748 1984 798 2063 qui
819 2002 939 2044 conssul
960 1983 1033 2044 dicit
1057 1984 1220 2063 Ctesiphon
1261 1989 1266 1996 '

121 2086 179 2148 est,
192 2078 656 2158 csmuqueipsnuequsquumex
668 2075 782 2155 iisque
794 2095 910 2155 pronum
921 2077 1033 2138 hubent
1041 2076 1154 2155 legibus
1167 2077 1220 2136 de·

122 2168 290 2241 finiuntur
302 2189 372 2230 vero
383 2189 479 2248 neque
489 2169 527 2230 de
539 2169 666 2228 fortunis
674 2177 770 2246 neque
784 2169 821 2228 de
832 2169 893 2228 ritu
901 2187 997 2246 ueqrre
1007 2168 1221 2234 existimatione

122 2270 175 2320 tus
188 2261 334 2322 decertes.
365 2263 435 2330 Qus
444 2262 564 2320 tundens
578 2261 668 2340 igitur
679 2261 717 2320 de
730 2279 762 2320 re
776 2259 912 2320 luborstl
934 2259 1090 2320 Decursis
1104 2262 1220 2322 coronis

122 2361 154 2411 et
166 2352 320 2429 preconiis
339 2353 369 2412 in
383 2354 505 2413 ‘theutru
517 2353 635 2431 legibus
646 2352 820 2412 interdictis.
852 2355 959 2424 Quem,
979 2351 1004 2412 si
1023 2354 1148 2430 pupulus
1169 2363 1221 2412 sut
1255 2375 1259 2391 ι

121 2443 220 2501 furore
239 2459 373 2521 preceps
394 2455 447 2502 eut
463 2445 619 2522 proesentis
637 2463 735 2505 rerum
754 2455 849 2506 status
867 2445 1019 2505 immemor
1041 2453 1102 2504 tem
1125 2445 1222 2505 alieno

123 2543 255 2612 tempore
272 2550 340 2590 euru
358 2551 469 2593 corone
481 2535 592 2593 dooere
612 2535 711 2604 vellet,
726 2536 758 2594 iu
777 2537 949 2597 concionem
967 2547 1159 2615 progressum
1177 2536 1222 2596 di·
1337 2559 1339 2563 ·
1413 2537 1415 2542 ’
1458 2580 1462 2588 .

124 2625 207 2692 nisse
243 2624 407 2702 oportebat,
442 2624 950 2695 Atheniensem-coronam
977 2629 1133 2704 quidem
1159 2649 1219 2689 sc·

125 2716 248 2794 clpio,
272 2726 433 2794 tempus
460 2727 600 2787 eutem,
634 2717 671 2776 iu
693 2735 771 2793 quo
798 2717 840 2776 fit
862 2719 1118 2794 preconium,
1143 2739 1222 2779 nou

124 2810 270 2888 probo:
294 2826 368 2868 nec
393 2808 497 2868 enim
517 2809 645 2880 decet,
671 2819 838 2887 propter
861 2829 945 2887 quae
979 2810 1222 2896 respublica

125 2901 242 2962 luctu
277 2902 420 2960 obruta
452 2911 518 2960 est
551 2908 591 2960 et
624 2919 777 2959 comum
818 2901 1015 2972 totondit,
1052 2911 1222 2980 propter

126 3010 261 3075 eume
293 3011 446 3052 corone
479 2992 631 3050 donari.
668 2991 737 3050 Huc
756 2991 859 3068 opinor
878 2993 1010 3054 cretione
1028 2995 1223 3054 utereturi-ir
1329 3055 1333 3062 ,

126 3086 234 3157 bonus,
250 3084 301 3162 qui
313 3084 402 3144 vitem
422 3102 492 3144 curu
511 3101 582 3144 rere
603 3084 709 3142 rirttrte
731 3082 920 3160 conjunctum
939 3084 1077 3144 vixisset:
1099 3105 1167 3164 ques
1188 3097 1223 3147 tu
1354 3123 1358 3132 ·

127 3175 210 3234 dices
232 3193 312 3245 vero,
335 3175 469 3234 scelerati
489 3185 560 3233 sunt
572 3173 727 3234 nebulonis
740 3173 855 3233 innuen
869 3175 983 3235 virnrn’s
1003 3177 1137 3236 umbram
1151 3195 1224 3238 cun-

10 3296 39 3330 .·
128 3267 279 3334 neuntio.

169 3363 219 3418 ⁷4.
247 3357 354 3435 Neque
370 3359 449 3418 enim
461 3358 630 3420 uehercssls
640 3358 699 3419 boc
711 3359 869 3437 quisquan
882 3369 1011 3428 restrum
1021 3362 1224 3441 pertimescet,

126 3471 165 3512 ne
175 3449 408 3535 Demustlroues.
419 3452 518 3531 mugui
528 3451 571 3512 rir
580 3451 671 3512 enimi
683 3460 715 3511 et
725 3451 832 3512 virtute
840 3453 947 3513 bellios
956 3454 1137 3533 precellens,
1148 3473 1225 3534 prm·

127 3543 386 3607 miisiortitudinis
407 3544 567 3605 frustrutus
580 3565 614 3605 se
633 3545 753 3608 domm
767 3565 899 3612 reversus
912 3545 1087 3613 interficiutt
1108 3545 1159 3624 qui
1174 3565 1225 3606 us·

128 3655 189 3714 que
200 3635 277 3696 odeo
290 3635 386 3698 leudis
403 3648 436 3696 et
447 3636 549 3716 glorie
569 3637 649 3716 upud
661 3657 715 3698 ros
732 3637 862 3698 studium
877 3636 1002 3710 deridet,
1015 3649 1050 3698 ut
1061 3639 1225 3700 uelandum

127 3727 202 3788 illud
209 3737 302 3806 ceput
307 3738 340 3788 et
351 3730 514 3791 ustionibus
523 3730 685 3791 referendis
693 3730 863 3802 obnoxium,
875 3731 955 3809 qnod
966 3732 1021 3790 iste
1028 3745 1132 3794 contre
1141 3733 1226 3814 leges

128 3839 231 3882 omnes
245 3821 447 3881 coronandum
458 3823 596 3890 decrerit,
612 3823 711 3884 (lecim
728 3821 835 3882 millies
849 3823 1034 3898 dissecuerit,
1048 3827 1169 3906 ejusque
1182 3827 1225 3887 rei

129 3915 292 3975 muns
300 3915 468 3975 mercedem
477 3916 555 3988 tulit,
564 3917 801 3977 accusationibus
815 3917 853 3976 de
863 3916 983 3977 uulnere
993 3918 1129 3982 consulto
1140 3917 1228 3979 illutu

127 4006 281 4077 institutis,
295 4007 460 4085 pugnisque
473 4007 516 4068 itu
528 4018 576 4068 est
587 4029 606 4069 o
619 4009 717 4068 Midiu
723 4009 872 4080 concisus,
887 4017 1027 4068 uteorum
1042 4011 1159 4070 credero
1173 4030 1224 4070 so-

76 4160 82 4168 (
130 4098 219 4178 sn'gis
230 4097 328 4159 udhuc
345 4098 377 4158 iu
391 4117 512 4180 corpore
525 4101 588 4180 ejus
608 4102 743 4161 eminere.
772 4102 871 4161 Homo
884 4101 962 4161 euiru
984 4121 1043 4163 uon
1056 4111 1117 4162 tum
1136 4113 1228 4184 ceput

130 4200 241 4270 gestet,
253 4209 342 4269 quem
355 4191 572 4270 capitularium.

172 4284 224 4341 76.
245 4283 314 4342 lum
336 4302 424 4364 porro
438 4283 476 4344 de
495 4284 699 4363 Ctesiphonte,
723 4287 773 4363 qui
791 4287 897 4347 scitum
910 4287 968 4347 lroc
985 4287 1113 4366 scripsit,
1129 4307 1229 4368 peuce

130 4373 203 4434 mihi
215 4373 345 4437 dicende
356 4385 445 4446 suun
465 4377 561 4437 multu
571 4387 670 4437 cutem
682 4379 845 4464 preteribo,
861 4390 896 4440 ut
913 4381 1002 4442 vestri
1022 4381 1127 4442 lucium
1150 4382 1226 4460 pori-

110 4487 114 4496 ·
131 4467 244 4542 culum,
253 4477 352 4530 unum
360 4469 493 4548 homines
503 4469 688 4550 improbitate
696 4471 900 4562 precellentes
910 4473 964 4554 ipsi
974 4492 1027 4552 per
1039 4493 1104 4548 ros,
1114 4471 1230 4546 etismsi

1209 4609 1235 4656 L.
