2967 5017
275 356 342 415 rat
631 350 803 413 coma
825 346 1021 410 humela.

504 510 637 557 (imorum
647 506 731 555 doctor
741 506 828 561 Ιώ
836 500 878 554 aot
888 503 993 567 perdidit
1002 504 1082 551 tntu

504 582 737 641 eumn-,mnae
745 578 1011 643 murram-potu,

280 696 400 779 perinde
422 714 458 758 ac
482 698 507 758 ai
529 698 619 778 ipaiaa
637 707 716 758 earet
733 696 765 757 id
781 696 898 757 l'aciuua
912 704 944 755 et
956 690 1118 762 donarium,
1137 704 1198 747 uon
1214 699 1389 746 commun·

280 790 433 851 coelorum.
475 791 559 851 lratia
581 800 679 851 autem
692 810 728 852 ea
747 790 833 851 dere
853 787 976 858 Grecis,
990 786 1169 846 Plateenaer
1183 777 1387 838 lacedaemo-

279 882 343 943 oioe
357 882 435 961 opud
449 882 679 963 Amphictyonas
693 893 835 943 occurent
847 879 964 940 nomine
978 877 1129 947 aocioruru,
1143 882 1173 933 ct
1186 869 1265 931 mille
1276 868 1386 929 talen-

279 983 340 1035 tum
355 974 494 1036 mulctum
507 977 545 1036 ab
568 976 609 1037 eir
627 985 741 1057 petunt,
754 974 898 1053 eraaiaque
913 971 1072 1043 ceruicalia,
1091 966 1247 1028 inscribere
1261 974 1386 1042 cogunt

279 1066 367 1127 urben
386 1086 452 1145 quoe
476 1070 562 1128 rebus
585 1068 676 1149 gentio
698 1066 906 1133 interfuerant;
928 1082 988 1143 qua
1008 1060 1103 1123 revel
1127 1061 1157 1120 iu
1182 1057 1282 1138 primia
1304 1054 1386 1115 odia

280 1156 571 1221 Lacedoemouiorum
585 1170 789 1239 conceperunt,
801 1158 949 1239 regiaeque
961 1155 1088 1217 familie.
1116 1152 1160 1212 Ac
1173 1152 1204 1210 iu
1217 1148 1385 1229 presentia

279 1268 338 1311 nou
353 1252 535 1331 reperiebant
554 1251 765 1313 Lacedtemonii
783 1270 844 1330 quo
861 1258 950 1331 pacto
969 1267 1022 1309 eor
1040 1245 1269 1307 ulciacereutur:
1290 1240 1384 1300 annia

279 1352 379 1403 eutem
391 1353 459 1423 port
468 1344 582 1404 circiter
594 1342 817 1423 quinquaginta,
831 1340 1027 1401 Archidamus
1041 1335 1209 1397 Zeuxidami
1223 1334 1269 1406 F,
1283 1332 1382 1392 Lace·

280 1436 491 1497 demoniorum
504 1454 565 1508 rex,
580 1448 711 1514 tempore
732 1434 823 1513 pacia,
837 1452 937 1493 eorum
955 1433 1026 1492 urbe
1039 1428 1125 1511 potiri
1137 1426 1274 1497 institnit,
1285 1425 1382 1505 idque

281 1546 333 1607 per
346 1526 518 1589 Thebanum
542 1526 759 1607 Eurymachum
781 1525 950 1585 Leontiadro
970 1524 1005 1584 F.
1024 1520 1200 1581 licentiorum
1212 1518 1381 1599 principem

281 1630 329 1681 eat
343 1630 479 1693 conatur,
492 1638 582 1699 quum
596 1628 686 1679 noctu
699 1628 798 1699 portae
812 1617 983 1689 Nnuclidea,
997 1624 1028 1675 et
1047 1613 1096 1675 ulii
1110 1612 1231 1691 quidam
1242 1608 1380 1689 corrupti

283 1712 498 1791 largitionibus,
516 1711 708 1791 eperuiraent.
749 1697 943 1783 Pletreeurea,
956 1709 1085 1789 cognito,
1099 1706 1176 1766 intra
1190 1703 1299 1764 moenia
1311 1722 1381 1763 eoae

281 1802 449 1877 ¹i'lrobauoo,
467 1822 504 1865 ac
527 1822 610 1863 ruam
625 1805 727 1864 urbem
738 1813 870 1883 tempore
883 1802 964 1882 pacir
977 1820 1015 1861 ex
1027 1798 1184 1879 improriao
1195 1806 1328 1873 captam,
1349 1805 1380 1854 et

282 1894 390 1973 ipaiad
403 1914 484 1955 erma
497 1904 685 1965 concurrunt,
700 1906 731 1955 et
750 1896 841 1954 aciem
862 1895 1019 1954 instruunt
1062 1892 1119 1952 Ubi
1138 1888 1251 1962 diluxit,
1264 1898 1298 1949 et
1316 1906 1378 1948 non

275 1986 390 2047 multoe
410 2006 476 2047 esre
497 1986 652 2046 Thebanos
670 1985 779 2057 rident,
793 1986 847 2045 red
864 1986 1003 2064 primores
1024 2002 1124 2045 eorum
1141 1982 1379 2061 ingrearoa-iu-

282 2096 356 2156 gena
383 2077 460 2135 enim
485 2074 585 2136 delate
603 2085 692 2136 noctu
713 2075 813 2156 pluvie
831 2076 1018 2155 prohibuerat
1036 2096 1097 2148 eor,
1116 2094 1154 2135 ne
1170 2092 1273 2134 omnen
1287 2073 1379 2133 intra·

281 2177 359 2238 rent,
375 2186 433 2247 qua
445 2167 550 2227 fluvius
565 2168 681 2247 Aropna
695 2179 799 2229 auctur
812 2169 987 2241 exundabat,
1000 2187 1058 2229 nec
1067 2166 1182 2229 tranairi
1196 2166 1283 2226 lacile
1292 2174 1378 2245 pote·

282 2271 338 2333 rat,
351 2272 440 2321 noctu
459 2260 669 2342 presertim-,
679 2270 712 2322 ut
725 2260 823 2339 igitur,
837 2260 966 2340 inquam,
982 2260 1160 2321 Pleteenaeo
1180 2259 1211 2318 io
1229 2260 1301 2319 urbe
1322 2278 1377 2319 aua

282 2352 438 2413 'lhebcnoa
451 2351 596 2424 viderunt,
610 2371 666 2412 nco
689 2352 793 2412 ederae
817 2370 920 2411 omnen
941 2362 1151 2432 cognoverunt,
1164 2351 1379 2431 aggrediuntur

283 2442 364 2515 ilion,
381 2441 595 2520 commiaeoque
617 2441 717 2523 proelio
741 2454 890 2523 ruperant,
905 2453 936 2504 et
959 2443 1079 2503 cedunt
1098 2444 1267 2523 priusquam
1286 2441 1377 2503 ceteri

284 2552 369 2614 opem
383 2533 457 2593 larre
471 2542 601 2613 poraent,
614 2542 646 2592 et
657 2534 756 2595 atatim
769 2535 860 2595 micro
873 2534 912 2595 ad
931 2554 986 2595 noa
999 2534 1117 2608 nuncio,
1129 2533 1298 2614 significant
1314 2552 1375 2593 rem

284 2636 408 2709 pestem,
427 2644 570 2704 runmque
582 2624 744 2699 victoriam,
756 2636 788 2686 et
806 2627 944 2687 auxilinm
957 2636 1070 2707 petunt,
1085 2628 1110 2687 ai
1124 2626 1260 2687 Thebani
1272 2643 1375 2707 agrum

286 2719 410 2800 ipaorom
424 2728 582 2781 vmtnrcnt.
624 2718 701 2779 Tum
713 2719 919 2792 Athenienaea,
936 2719 1107 2800 recognita,
1121 2718 1256 2779 celeriter
1267 2718 1376 2779 auxilia

287 2812 411 2873 Platoeae
424 2810 554 2873 mittunt.
595 2810 677 2881 Quor
699 2830 768 2873 cum
780 2812 920 2873 uidiaaent
938 2812 1069 2872 Thebani
1089 2829 1175 2891 opem
1192 2811 1293 2871 tuliaae
1306 2810 1375 2870 Pla-

286 2894 450 2977 meantis,
478 2904 598 2967 domum
621 2905 778 2965 redierunt.
833 2906 875 2963 Ut
893 2904 982 2983 igitur
1004 2903 1135 2964 'lheboni
1156 2903 1285 2964 lruotrati
1306 2914 1375 2962 aunt

285 3008 390 3059 conatu
403 3017 468 3070 auo,
482 3008 512 3057 et
527 2997 713 3068 Pleoeenam,
728 3015 804 3075 quoa
823 2995 951 3056 boatium
971 2996 1000 3055 in
1017 2994 1118 3076 proelio
1131 2995 1213 3056 rivoa
1225 3006 1371 3076 ceperant,

286 3090 465 3161 ecciderunt,
477 3089 543 3149 irati
566 3088 790 3159 Lacedremouii,
799 3092 861 3165 jam
876 3088 939 3149 aine
954 3088 1013 3149 ullo
1026 3098 1173 3170 pretextu
1185 3088 1311 3149 Platona
1322 3108 1373 3169 op·

286 3183 448 3261 pugnaturi,
466 3178 738 3259 Peloponuenaibua
758 3180 902 3254 omuibus,
921 3189 1025 3260 praeter
1044 3182 1179 3260 Argivos,
1200 3180 1328 3254 edicunt,
1340 3190 1373 3241 ut

287 3272 368 3334 binae
389 3282 489 3351 purten
512 3272 693 3352 copiarume
715 3273 836 3353 siugulis
856 3274 976 3335 urbibus
998 3275 1157 3347 mitterent,
1169 3274 1289 3335 Bootiia
1306 3293 1372 3335 vero

287 3363 387 3425 celeria
398 3363 550 3437 uuireraia,
560 3372 593 3424 ot
608 3364 815 3439 Locrensibus,
824 3365 1035 3440 Phocenaibua,
1047 3366 1252 3439 Molieuribua,
1261 3366 1369 3439 OEtaeia,

285 3466 315 3517 et
326 3456 500 3519 murnum
510 3456 700 3533 denunciant,
714 3469 748 3519 ut
760 3478 862 3521 omuea
876 3460 907 3519 iu
926 3459 1013 3521 armia
1028 3459 1176 3521 odeoaent.
1217 3458 1266 3519 Sic
1274 3478 1370 3519 eornm

281 3566 398 3615 murum
420 3548 531 3629 ingenti
551 3551 682 3611 exercitu
702 3551 960 3623 circumrodentea,
981 3551 1215 3622 sciscitabantur,
1235 3569 1304 3609 nom
1324 3570 1371 3610 ur·

281 3642 350 3703 bem
363 3640 470 3703 dedere
483 3642 605 3715 vellent,
618 3662 721 3722 ugrum
737 3653 836 3705 autem
849 3655 958 3717 tenere,
968 3654 999 3704 et
1012 3642 1069 3704 frui
1082 3643 1143 3703 uuir
1156 3645 1271 3724 opibus,
1280 3642 1369 3703 rocie-

282 3744 344 3796 tate
357 3735 578 3797 Atheniensium
599 3736 724 3797 deserta.
766 3736 857 3807 Quod
875 3757 942 3797 cum
962 3735 1141 3799 Platoeeneea
1153 3747 1328 3808 recocarent,
1340 3746 1368 3796 at

283 3826 346 3889 uine
360 3828 533 3889 auctoritate
546 3827 768 3890 Atheniensium
781 3831 938 3908 quicquam
952 3848 984 3889 se
997 3828 1125 3889 lecturoa
1144 3846 1210 3889 eare
1223 3837 1368 3910 negarent,

282 3920 461 3983 obaederunt
470 3940 522 3983 eor
530 3920 714 3993 decennium,
728 3922 838 4002 duplici
848 3941 931 3983 muro
943 3922 1125 3993 circundato,
1136 3942 1193 3982 nec
1202 3921 1368 3982 intentatum

281 4012 440 4092 quicquam
455 4013 643 4093 reliquerunt.
685 4014 761 4075 Cum
775 4034 843 4075 vero
861 4013 931 4075 leaai
944 4014 1028 4075 malis
1043 4013 1233 4086 Plataeenaea,
1246 4014 1366 4073 omnium

280 4124 377 4165 rernm
399 4107 523 4185 penuria
542 4118 752 4185 premerentur,
775 4106 930 4187 desperata
949 4106 1055 4176 ralute,
1078 4106 1229 4167 rorntione
1249 4106 1321 4166 inter
1338 4125 1368 4167 re

282 4194 370 4269 lacta,
396 4197 445 4259 elii
469 4208 683 4271 romanaerunt,
712 4199 896 4260 obsidionem
922 4198 1090 4259 toleraturi:
1125 4198 1175 4258 ulii
1206 4209 1366 4279 exapectata

282 4298 380 4359 nocte,
394 4299 425 4348 et
437 4290 544 4370 plurim
560 4302 590 4353 et
609 4310 717 4371 magno
735 4302 834 4364 vento,
849 4293 961 4371 egreaai
976 4293 1057 4363 orbe,
1069 4291 1198 4352 hortium
1217 4292 1365 4353 munitione

282 4390 429 4459 luperam,
442 4381 566 4464 decepto
586 4386 728 4456 exercitu,
737 4383 881 4465 jugulatio
903 4384 1084 4457 cuatodibna,
1103 4385 1259 4447 m‘uerobili
1276 4385 1365 4446 habitu

282 4472 453 4557 perveniunt
466 4474 524 4536 huc
545 4485 577 4535 et
589 4475 760 4554 inopinato:
782 4476 895 4557 reliqui,
909 4478 937 4542 ri
958 4490 1046 4559 capta
1066 4478 1146 4551 urbe,
1166 4496 1269 4547 omncs
1287 4478 1364 4547 inter,
