2967 5017
278 320 322 392 so
547 299 561 320 ‘
595 333 767 408 corum
790 305 1059 398 rimanorum.

279 490 397 550 mlnima
414 509 485 552 curo
498 490 604 552 faciam
617 493 806 554 mentionem.
828 492 902 559 Quis
921 493 998 551 enim
1017 497 1147 550 restrum
1162 487 1393 568 Diophantnm,

278 585 330 661 qui
342 585 430 644 orbus
445 583 618 662 appellatur,
630 603 690 643 non
701 585 802 644 noviti
823 585 882 650 Qui
895 583 1040 662 hospitem
1055 583 1094 642 ad
1112 591 1268 661 praetorem
1280 581 1391 651 traxit,

280 676 365 753 cujus
380 693 513 735 assessor
525 675 580 733 luit
594 677 753 756 Aristopho
764 677 950 735 Aueniensis:
972 686 1148 753 conquestus
1160 693 1192 733 se
1201 682 1337 754 quatuor
1348 675 1391 732 ah

280 766 330 826 illo
344 767 489 826 drachmis
509 769 548 827 ob
562 788 626 827 eam
643 788 704 827 rem
724 768 887 846 promissis,
907 766 1054 826 fraudarit
1077 777 1107 825 et
1130 767 1212 843 leges
1233 764 1391 835 recitavit,

273 873 346 937 ‘quas
358 869 512 939 praetorem
526 861 702 939 pupillorum
716 880 814 920 curam
829 879 929 938 gerere
943 860 1070 939 jubent:
1092 859 1232 940 neglectis
1246 857 1294 928 iis,
1311 877 1391 936 quae

282 951 433 1020 modestice
451 953 571 1012 tuendae
589 972 679 1012 causa
698 953 767 1012 latae
788 963 866 1012 sunt.
901 952 978 1010 Eum
996 971 1068 1031 ergo
1087 952 1150 1029 quis
1172 969 1230 1008 non
1251 949 1391 1010 oderat?
1432 1023 1440 1036 ·

281 1042 355 1110 Quis
368 1042 474 1104 civium
489 1063 548 1103 non
560 1047 749 1104 aversabatur
763 1044 1004 1123 Cephisodorum,
1018 1043 1069 1122 qui
1086 1041 1216 1102 Molonis
1230 1042 1264 1100 F.
1284 1043 1388 1101 nomi·

259 1137 417 1206 ¹nabetur,
433 1136 514 1213 quod
536 1134 721 1214 pulcherrimi
747 1135 910 1214 adspectus¹
925 1133 1102 1212 elegantiam
1123 1133 1244 1193 summis
1266 1133 1388 1212 probris

280 1227 511 1287 contaminarat?
534 1228 594 1287 Aut
604 1227 813 1297 Mnesitheum,
834 1227 883 1304 qui
899 1225 1004 1304 Magiri
1017 1227 1126 1304 (coqui)
1144 1225 1178 1284 F.
1193 1224 1311 1296 dicitur,
1332 1235 1389 1284 ant
1466 1221 1467 1292 ζ

284 1317 392 1384 multos
407 1319 491 1392 alios,
506 1339 632 1398 quorum
652 1319 728 1378 ultro
746 1317 926 1378 obliviscor?
948 1317 1051 1396 Neque
1070 1319 1147 1377 enim
1161 1337 1262 1378 eorum
1276 1337 1386 1396 quem·

282 1407 353 1469 libet
366 1411 470 1470 acerbe
477 1420 509 1470 et
521 1411 691 1471 nominatim
701 1427 854 1470 recensere
865 1409 950 1470 volo:
972 1409 1026 1468 sed
1035 1407 1234 1488 multomagis
1242 1411 1384 1489 optarim,

281 1499 311 1558 in
325 1502 456 1562 oratione
466 1502 621 1562 metalium
634 1502 778 1562 factorum
791 1501 894 1580 inopia
902 1501 1045 1574 laborare,
1055 1521 1108 1580 pro
1118 1521 1185 1562 mea
1195 1521 1267 1579 erga
1277 1504 1386 1562 urbem
1466 1563 1467 1566 ,

281 1592 495 1653 benevolentia.
526 1593 586 1654 Sed
600 1595 670 1672 quia
682 1587 869 1673 utrorumque
882 1594 1026 1673 quosdam
1045 1593 1162 1654 delectu
1178 1594 1280 1654 habito
1298 1613 1385 1654 com·

158 1697 162 1702 ’
283 1684 515 1755 memoravimus,
538 1685 658 1744 seorsim
672 1703 724 1744 eos
744 1685 795 1762 qui
808 1685 846 1744 ob
865 1684 1037 1744 modestiam
1055 1683 1225 1762 diliguntur,
1241 1704 1294 1744 eos
1310 1687 1385 1744 item

283 1775 412 1846 seorsim,
431 1776 480 1854 qui
493 1777 665 1855 semetipsos
678 1777 804 1837 violant:
827 1796 878 1837 ros
893 1775 1010 1851 jamad
1026 1776 1215 1854 questionem
1236 1776 1316 1836 hanc
1336 1797 1384 1836 re·

283 1869 452 1947 spondeatis
466 1869 536 1927 mihi
549 1869 647 1940 velim,
661 1870 690 1927 in
710 1881 775 1928 utro
797 1868 984 1930 Timarchum
1003 1869 1103 1928 ordine
1126 1869 1301 1928 collocetis?
1324 1870 1384 1930 Eo·

283 1979 385 2020 rumne
398 1961 449 2038 qui
461 1959 633 2038 diliguntur,
646 1979 685 2018 an
698 1960 749 2037 qui
771 1979 824 2038 pro
838 1959 941 2019 scortis
961 1959 1155 2038 subiguntur?
1176 1960 1222 2018 Ne
1236 1961 1329 2038 igitur
1348 1981 1383 2021 ea

284 2071 373 2128 quam
392 2051 528 2132 delegisti
546 2051 642 2110 classe
654 2051 765 2126 relicta,
778 2070 832 2129 pro
848 2051 1003 2130 transfuga
1023 2052 1166 2124 incoctus
1186 2054 1381 2131 ingenuorum

283 2143 443 2222 irrumpitu.

325 2235 374 2292 32.
396 2233 524 2299 Quodsi
547 2234 645 2294 dicere
664 2234 851 2306 instituerint,
869 2255 928 2294 non
951 2234 980 2292 in
1003 2245 1164 2294 scortorum
1184 2253 1306 2295 numero
1327 2237 1380 2297 ha-

283 2325 413 2386 bendum
427 2345 503 2399 esse,
515 2325 565 2403 qui
579 2346 644 2399 non
652 2344 689 2384 ex
703 2326 869 2404 syngrapha
880 2325 968 2383 luerit
981 2325 1115 2386 mercede
1125 2327 1269 2399 elocutus,
1283 2347 1318 2388 ac
1327 2349 1380 2408 po·

285 2416 430 2485 stularint,
452 2425 484 2472 nt
498 2417 612 2474 tabulas
633 2425 665 2474 et
684 2427 773 2475 testes
786 2415 955 2476 exhibeam:
977 2436 1030 2477 vos
1047 2419 1173 2497 primum
1194 2420 1380 2480 memineritis

282 2506 381 2585 legum
393 2504 431 2565 de
443 2505 634 2584 impudicitia,
649 2504 799 2585 inquibus
813 2507 924 2566 nullam
938 2509 1105 2586 pactionum
1120 2510 1300 2594 mentionem
1313 2512 1382 2572 fecit

283 2596 442 2675 legislator.
464 2597 569 2675 Neque
584 2598 661 2658 enim
675 2617 713 2657 an
726 2599 833 2678 aliquis
847 2619 883 2658 ex
902 2599 1069 2679 syngrapha
1081 2619 1113 2660 se
1131 2600 1336 2679 coinquinarit,
1351 2603 1379 2663 id

284 2687 437 2768 spectavit,
460 2689 513 2748 sed
527 2689 656 2760 omnino,
672 2709 848 2769 quocunque
870 2691 958 2752 modo
976 2711 1023 2751 res
1044 2702 1111 2752 ecta
1124 2692 1221 2762 luerit,
1243 2713 1311 2753 eum
1321 2693 1378 2774 'qui

284 2782 396 2850 lecerit,
411 2781 660 2842 administratione
678 2783 847 2861 reipublicm
862 2785 1008 2845 abstinere
1021 2785 1119 2862 jussit.
1150 2785 1244 2864 quue
1267 2787 1378 2848 merito.

286 2874 362 2933 Nam
382 2875 431 2951 qui
452 2873 625 2936 adolescens
640 2877 678 2935 oh
691 2884 791 2954 turpes
805 2877 971 2956 voluptates
985 2877 1107 2954 gloriam
1127 2875 1291 2938 honestatis
1306 2899 1377 2958 neg·

286 2965 416 3039 lexisset,
437 2986 513 3029 eum,
529 2985 590 3025 non
611 2969 725 3028 censuit
747 2968 822 3047 legis
845 2980 956 3041 auctor,
977 2978 1065 3028 aetate
1085 2971 1268 3048 provectiore
1288 2973 1378 3032 ullum

205 3118 209 3129 ,
286 3067 417 3138 oportere
439 3048 581 3118 honorem
600 3059 749 3136 consequi.
784 3059 899 3131 Deinde
919 3061 1039 3120 rationis
1052 3061 1136 3121 istius
1150 3062 1274 3142 ineptias
1294 3064 1378 3124 facile

286 3160 332 3208 est
344 3149 509 3210 ostendere.
544 3150 655 3207 Omnes
679 3152 758 3208 enirn
776 3150 912 3228 latemur,
933 3173 985 3211 nos
1006 3155 1159 3232 pactiones
1175 3155 1253 3215 inter
1272 3175 1377 3216 noser

286 3239 448 3298 diffidentia
459 3238 572 3297 lacere:
595 3248 627 3296 ut
648 3240 698 3315 qui
713 3259 764 3299 eas
778 3241 909 3315 servarit,
917 3242 1029 3320 judicio
1042 3264 1146 3324 poenas
1159 3246 1198 3304 de
1219 3267 1256 3307 eo
1275 3258 1377 3324 sumat,

287 3331 337 3407 qui
359 3329 447 3388 fidem
467 3329 596 3406 fregerit.
631 3329 723 3409 Igitur
737 3333 762 3392 si
780 3332 992 3412 impudicorum
1005 3338 1084 3396 actio
1092 3337 1234 3417 judicium
1256 3359 1294 3398 ex
1311 3361 1376 3421 syn·

287 3419 400 3500 grapha
412 3420 552 3500 postulat,
566 3421 592 3478 si
603 3421 715 3500 injuriis
729 3426 909 3486 efficiantur:
932 3446 1031 3488 earum
1046 3429 1145 3508 legum
1158 3450 1232 3508 quas
1247 3431 1294 3492 isti
1314 3452 1376 3512 pro·

287 3512 395 3584 serunt,
408 3513 575 3593 praesidinm
588 3514 630 3572 eia
643 3526 692 3575 est
704 3517 856 3596 reliquum.
889 3519 997 3600 Ecqua
1012 3531 1110 3580 autem
1122 3523 1274 3602 utriusque
1288 3525 1377 3602 possit

287 3626 351 3668 esse
372 3606 485 3680 oratiot
507 3607 613 3686 Putate
627 3609 705 3668 enim
717 3629 781 3681 vos,
795 3628 855 3670 rem
869 3631 929 3672 non
949 3631 966 3680 a
989 3631 1036 3672 me
1049 3613 1169 3687 narrari,
1184 3616 1237 3674 sed
1258 3636 1277 3675 a
1297 3618 1376 3676 robis

288 3698 388 3778 aspici.
415 3699 575 3766 Estoenim
588 3699 752 3760 conductor
764 3719 866 3779 aequus
880 3706 909 3763 in
925 3713 1087 3777 conuectu,
1101 3707 1268 3768 conductus
1282 3718 1375 3768 autem

287 3791 415 3870 iniquus,
435 3800 465 3849 et
477 3790 664 3852 inconstans:
685 3805 738 3852 aut
750 3803 855 3854 contra
867 3796 1032 3857 conductus
1045 3817 1157 3876 aequus,
1173 3809 1204 3858 et
1217 3809 1298 3860 stans
1311 3820 1375 3861 con·

287 3883 394 3955 ventis,
414 3882 487 3942 alter
504 3892 576 3942 natu
587 3884 734 3963 grandior,
748 3896 780 3945 et
794 3887 956 3948 conductor
971 3889 1076 3949 fallax.
1101 3890 1163 3949 Vos
1184 3891 1264 3969 ipsos
1284 3903 1375 3952 autem

288 3994 342 4053 pro
354 3974 493 4035 tribunali
506 3976 608 4036 sedere
621 3975 734 4055 fingite.
768 3977 872 4057 ltaque
886 3991 957 4041 natu
970 3982 1072 4060 major,
1092 3981 1162 4042 dato
1176 3983 1232 4042 sihi
1252 3996 1375 4063 tempore

287 4067 464 4147 dicendique
477 4076 634 4146 potestate,
653 4070 757 4130 seriam
778 4071 994 4132 accusationem
1012 4073 1154 4148 instituet,
1176 4093 1229 4134 vos
1249 4074 1375 4134 nimirum

288 4159 420 4218 intuens:
434 4158 572 4230 conduxi,
583 4160 790 4232 Athenienses,
798 4161 994 4238 Timarchum,
1005 4174 1039 4223 ut
1047 4185 1143 4225 meum
1154 4175 1284 4228 scortum
1294 4179 1376 4240 esset,

289 4266 326 4308 ex
338 4250 448 4321 tabula,
464 4269 531 4329 quse
550 4251 606 4310 sita
619 4264 665 4311 est
676 4254 760 4332 apud
778 4253 1131 4329 Demosthenem-nihil
1151 4259 1229 4322 enim
1251 4259 1377 4338 prohihet

216 4408 234 4418 Ν
288 4343 330 4400 ita
344 4339 453 4412 dici-,
466 4362 564 4422 neque
573 4364 640 4404 vero
653 4345 703 4405 ille
717 4355 777 4408 stat
790 4348 894 4426 pactis,
905 4367 1000 4426 esque
1010 4348 1072 4430 jam
1083 4350 1203 4430 exponit
1216 4350 1375 4426 scilicetne

285 4431 432 4527 judicibus
446 4448 555 4509 narrat,
568 4455 634 4513 quas
648 4437 699 4498 tali
713 4437 822 4500 homini
836 4439 970 4502 facienda
989 4441 1067 4524 sint.¹
1088 4441 1196 4504 Nonne
1208 4461 1277 4505 roro
1290 4442 1315 4508 is
1331 4444 1377 4522 qni
