2967 5017
294 346 353 417 ibt
644 346 803 411 ORATIO
825 345 1041 409 wunsam.

293 518 423 572 sutum
435 526 494 569 noa
504 504 614 587 possim
628 503 701 585 qnid
719 503 769 565 cui
782 503 822 565 sit
837 502 1065 584 proterendum.
1104 500 1167 563 Sed
1184 500 1263 561 dabo
1281 510 1390 561 men

292 619 424 685 opernm
435 600 486 681 qni
497 602 565 661 rita
576 596 693 659 iliorum
702 596 853 671 ordotuit,
865 597 1036 659 eundernet
1045 596 1140 659 oratio
1151 612 1218 656 mea
1228 606 1264 655 ut
1274 604 1388 654 senet.

293 694 371 756 Nam
385 693 415 753 bi
427 693 525 753 neum
536 692 566 751 in
580 690 715 751 omnibns
727 690 848 771 puerilis
859 692 956 753 eatis
965 690 1069 751 stodiis
1082 690 1165 751 tuere
1180 688 1318 761 itiones,
1330 707 1389 747 ex·

293 784 425 847 creandis
438 784 474 845 iis
491 802 558 865 que
571 802 720 864 quomque
732 793 851 846 atatem
864 784 1012 858 decerent,
1025 783 1120 863 iisque
1131 781 1307 862 placuerunt
1317 779 1389 858 qni·

290 881 346 940 bur
367 896 421 959 par
437 888 494 951 est,
512 877 691 957 parentibus,
703 875 817 949 amicir,
828 876 1010 957 propinquis.
1050 877 1183 945 Quarum
1201 889 1299 933 remur
1316 880 1389 932 tan·

289 984 377 1051 quem
399 970 524 1050 vestigia
545 988 626 1029 nunc
647 988 812 1049 agnoscens
834 978 1024 1047 cognatorum
1037 980 1126 1049 atque
1142 967 1302 1027 amicornm
1322 984 1387 1027 me·

290 1063 383 1123 moria
408 1062 532 1142 sing-ulis
558 1062 638 1121 horis
664 1080 767 1122 eorum
791 1061 935 1122 desiderio
961 1062 1097 1133 ardescit,
1123 1058 1224 1120 multis
1256 1058 1387 1119 subinde

291 1154 474 1216 monimentis
493 1173 595 1214 earum
616 1154 749 1227 laudum,
769 1154 875 1231 quibua
897 1154 940 1213 iili
956 1155 1130 1234 prostitue,
1153 1151 1387 1212 occurrentibus.

290 1246 449 1326 Postquam
462 1266 531 1307 vero
545 1246 583 1307 ad
595 1246 707 1307 virilem
716 1256 834 1307 atrum
846 1258 1052 1326 pervenerunt,
1061 1266 1121 1307 non
1135 1245 1215 1324 apud
1228 1246 1307 1305 cives
1318 1253 1387 1304 tan·

290 1350 363 1412 tum,
379 1340 432 1401 sed
454 1340 542 1401 etiem
565 1340 643 1421 apud
667 1340 798 1401 homines
811 1341 974 1412 uniuersos,
988 1339 1097 1419 ingenii
1120 1338 1166 1399 sui
1182 1338 1387 1419 prestantium

290 1434 481 1495 illustrarunt.

328 1528 358 1585 7.
380 1527 434 1585 Est
455 1524 541 1596 eninr,
553 1534 599 1584 est
622 1524 766 1583 universa
785 1523 899 1583 virtutis
920 1534 955 1583 ut
974 1523 1116 1603 sapientia
1136 1521 1321 1601 principium,
1340 1520 1386 1581 sic

290 1620 431 1681 tortitudo
444 1618 582 1699 perfectio
593 1637 602 1678 ε
623 1628 653 1679 ct
668 1628 698 1677 ut
712 1616 763 1677 ilia
775 1636 843 1697 quae
856 1617 972 1696 agenda
985 1627 1054 1676 sunt
1064 1614 1202 1687 decernit,
1216 1615 1258 1674 ita
1269 1615 1336 1674 baec
1348 1632 1387 1673 ca

289 1721 398 1773 tuetur.
439 1713 570 1781 Quarum
593 1722 716 1791 utraque
736 1710 768 1769 hi
791 1708 916 1769 muitum
938 1709 1148 1770 excelluerunt
1196 1709 1274 1768 Nam
1296 1718 1337 1780 et,
1360 1707 1388 1767 si

290 1804 371 1883 qnod
384 1824 538 1865 commune
551 1802 664 1863 Grecis
673 1803 807 1863 omnibus
819 1802 980 1882 periculum
994 1802 1157 1880 ingruebat,
1167 1800 1199 1860 bi
1210 1799 1295 1879 primi
1308 1820 1385 1880 prro·

285 1897 425 1957 'ridemnt
438 1906 467 1957 et
488 1916 568 1977 stepo
587 1914 689 1955 omnes
708 1895 748 1954 ad
771 1895 973 1955 defensionem
987 1894 1130 1953 exhortati
1143 1903 1230 1953 sunt:
1258 1894 1290 1953 id
1303 1898 1385 1973 quod

289 1998 338 2049 est
350 1987 438 2047 animi
451 1984 602 2065 prudentis
613 1987 738 2064 signum.
780 1986 901 2045 Etcum
915 1987 1086 2045 Graecornm
1100 1986 1205 2063 partim
1216 1985 1385 2064 ignorantia

290 2079 394 2155 partim
410 2077 536 2155 ignaria,
550 2076 619 2133 dum
642 2074 841 2155 impendentia
861 2074 940 2135 mala
956 2094 1059 2134 carere
1081 2074 1145 2135 sine
1162 2076 1292 2155 periculo
1313 2078 1386 2138 ticu-

289 2168 371 2240 isset‚
381 2167 428 2227 vel
441 2186 501 2226 non
515 2166 687 2245 praerideret
699 2167 744 2227 rel
758 2166 964 2238 dissimularet,
976 2176 1087 2238 tamen,
1097 2178 1131 2228 nt
1147 2179 1308 2247 paruerunt
1319 2172 1386 2231 offi-

289 2260 395 2340 eioque
416 2259 500 2337 fungi
526 2258 689 2331 voluerunt,
704 2259 821 2338 abjecta
841 2259 1010 2338 injuriarum
1033 2261 1182 2331 memoria,
1204 2260 1299 2321 duces
1320 2280 1385 2323 owe

289 2352 415 2433 professi
434 2351 629 2429 prostitisque
642 2350 777 2411 alacriter
796 2352 931 2411 omnibus
948 2352 1142 2430 exhibitisque
1161 2361 1193 2411 et
1213 2355 1385 2433 corporibus

288 2454 320 2505 et
341 2442 484 2523 pecuniis,
498 2453 528 2502 et
549 2443 646 2515 sociis,
659 2442 729 2503 belli
750 2442 908 2505 discrimen
928 2445 1082 2505 adierunt:
1102 2444 1133 2502 in
1155 2460 1216 2522 qno
1238 2464 1294 2505 nec
1315 2447 1384 2506 vitro

288 2554 350 2599 sue
372 2546 576 2616 pepercerunt.
627 2536 705 2595 Cum
728 2548 829 2597 eutem
848 2540 981 2618 pralium
1001 2536 1200 2609 committitur,
1217 2540 1385 2601 necessario

288 2629 395 2702 evenit,
408 2639 442 2687 ut
455 2628 504 2687 aiii
527 2630 728 2699 succumbant,
743 2629 792 2689 aiii
804 2630 935 2690 vincant.
977 2631 1084 2689 Dicere
1096 2640 1195 2689 autern
1214 2650 1275 2689 non
1297 2629 1388 2713 dubi-¹

289 2719 462 2794 tem,videri
475 2720 545 2779 mibi
565 2722 682 2799 eosqui
701 2723 838 2799 utrinque
855 2724 884 2780 in
904 2722 968 2782 acie
990 2721 1192 2796 occubuerint,
1204 2732 1266 2781 tum
1288 2722 1385 2785 cladis

289 2824 419 2894 acceptu
433 2824 576 2891 expertes,
589 2822 651 2873 tum
669 2813 778 2893 pariter
800 2823 940 2893 utrosque
952 2813 1078 2874 victores
1099 2833 1177 2874 esee.
1219 2814 1295 2874 Nam
1306 2815 1387 2877 inter

288 2908 417 2967 virentes
431 2906 613 2967 eorum'eese
626 2906 750 2965 victoria
762 2906 888 2975 ducitur,
906 2906 1013 2983 quibus
1026 2925 1046 2963 a
1057 2906 1114 2965 diis
1133 2906 1183 2965 ilia
1196 2906 1383 2969 conceditur:

288 3000 370 3081 quod
383 3009 481 3060 autem
500 2998 538 3059 sd
557 3018 622 3061 eam
641 2998 831 3059 obtinendam
843 2997 1043 3075 requirebatur
1064 2999 1229 3078 ariopolis,
1251 2999 1282 3058 id
1302 3001 1385 3080 quis-

287 3094 352 3173 quit
364 3091 617 3153 servaritordiner
628 3090 771 3169 praestitit.
812 3090 873 3154 Qui
890 3089 915 3147 si
935 3088 1022 3150 bomo
1034 3102 1123 3149 natus
1144 3092 1207 3151 tato
1226 3092 1386 3167 concessit,

287 3204 442 3265 perperene
454 3182 504 3241 iile
516 3181 633 3260 quidem
645 3180 677 3240 id
694 3181 834 3260 estquod
854 3181 981 3241 fortunae
992 3182 1088 3242 visum
1100 3182 1166 3255 tuit,
1180 3184 1311 3245 hostibus
1329 3204 1385 3246 aa·

287 3286 347 3336 tem
361 3276 458 3335 animo
468 3292 526 3333 non
540 3272 705 3334 succubuit.
747 3274 826 3342 Quin
839 3273 928 3334 etiarn
940 3275 1082 3345 existimo.
1097 3294 1157 3356 quo
1173 3277 1270 3336 minus
1283 3278 1385 3340 bootes

287 3368 437 3447 regionem
458 3376 587 3426 nostram
615 3366 786 3437 invaserint,
810 3378 917 3446 prater
950 3366 1180 3427 adversariorum
1206 3370 1384 3444 socordiam,

287 3462 392 3521 horum
412 3478 530 3539 quoque
553 3458 690 3519 virtutem
712 3458 804 3519 tuisse
824 3478 952 3519 cauom.
994 3459 1071 3519 Nam
1088 3461 1140 3540 qui
1159 3470 1222 3520 tum
1238 3461 1298 3521 itio
1310 3482 1386 3522 con-

288 3554 430 3625 flixerant,
451 3552 555 3613 viritim
574 3552 708 3631 periculo
727 3553 909 3631 singulorum
929 3553 1019 3624 facto,
1043 3554 1141 3613 denuo
1164 3551 1268 3614 Martis
1287 3554 1385 3617 aleam

287 3665 356 3709 eum
379 3645 491 3705 illorum
514 3642 649 3723 cognatis
672 3643 797 3722 experiri
816 3644 984 3716 noluerunt,
1000 3644 1202 3705 existimantes
1219 3642 1282 3706 fore
1293 3657 1328 3705 ut
1338 3648 1385 3706 in·

289 3740 382 3821 geniis
395 3737 534 3798 similibus
545 3747 738 3809 occurrerent,
754 3736 881 3797 sednon
894 3756 961 3797 esee
975 3737 1062 3797 facile
1076 3737 1199 3797 similem
1213 3737 1311 3798 denuo
1322 3740 1385 3799 tor-

289 3844 390 3892 tunam
400 3830 530 3909 adipisci.
570 3828 659 3898 Quod
673 3830 714 3889 ita
726 3847 803 3900 csse,
816 3829 863 3889 vel
876 3830 1000 3889 maxime
1013 3829 1103 3889 factae
1116 3827 1204 3889 etiam
1217 3831 1300 3909 pacis
1311 3848 1384 3892 con-

288 3922 413 3984 ditiones
427 3922 602 3983 ostendunt:
625 3940 679 3981 nee
693 3920 772 3980 enim
790 3921 848 3980 dici
868 3931 966 4001 potest
978 3940 1069 3981 causa
1092 3921 1156 3980 ulla
1166 3921 1213 3981 vei
1224 3923 1320 3984 verior
1335 3924 1385 3985 vei

287 4016 437 4077 honestior
447 4035 499 4076 cur
512 4014 740 4075 adversariorum
754 4013 892 4073 dominus
905 4013 1112 4073 detunctorum
1125 4015 1298 4075 necessariis
1310 4019 1383 4076 arni-

289 4128 342 4171 cus
360 4110 433 4182 fieri,
454 4128 543 4189 quam
566 4108 664 4168 denuo
677 4106 715 4165 de
730 4125 844 4167 summa
860 4126 957 4166 rerum
975 4106 1115 4167 dimicare
1130 4107 1274 4176 maluerit,
1294 4128 1383 4188 quarn

288 4202 403 4261 virtutis
422 4222 522 4261 eorum
537 4201 698 4261 admiratio.
739 4199 874 4259 Arbitror
887 4208 995 4271 autem,
1009 4198 1114 4278 siquis
1128 4219 1179 4259 eos
1198 4200 1276 4279 ipsos
1289 4201 1382 4280 quiin

288 4294 352 4355 acie
365 4302 509 4353 steterunt
524 4302 617 4372 roget,
632 4302 729 4352 utrum
744 4289 910 4352 existiment
922 4310 956 4350 se
969 4300 1074 4370 suapte
1087 4292 1203 4364 virtute,
1223 4312 1263 4353 an
1285 4294 1384 4374 inspe-

287 4397 352 4449 rata
372 4396 403 4446 et
420 4385 571 4465 impotenti
588 4387 715 4458 fortuna,
738 4402 800 4445 rern
823 4385 899 4443 bene
918 4384 1057 4463 pessum,
1071 4385 1176 4462 suique
1201 4386 1383 4465 imperatoris

288 4478 390 4560 peritia
401 4488 432 4539 et
444 4478 566 4540 sudwic
577 4491 608 4540 et
621 4478 815 4551 animositate,
829 4477 975 4538 neminem
992 4476 1034 4537 ita
1054 4476 1102 4536 rei
1121 4478 1321 4558 impudentem
1332 4482 1381 4541 rei
