2967 5017
249 237 287 336 is
604 278 648 337 iu
669 265 1020 338 cunsissonunn

157 436 165 457 ⁸
249 427 359 500 dicari3
380 428 503 490 alteram
515 439 612 491 numm
626 430 726 490 dicent
738 451 805 492 esse
819 432 915 510 legem
927 431 996 492 hnic
1010 432 1196 510 contrariam,
1211 450 1278 510 quse
1298 453 1354 494 co·

248 539 329 581 rone
355 520 596 601 pradicationem
615 523 646 582 in
665 523 781 584 tbeetro
804 524 946 604 tragoedis
969 525 1084 584 lebulas
1111 517 1267 602 egentibus
1288 527 1356 584 lieri

247 614 397 692 permittit,
410 615 499 675 modo
518 615 548 674 id
569 616 687 675 sciverit
697 617 834 697 populus.
861 616 909 676 Ex
924 614 982 676 hnc
1000 616 1090 695 ign'tnr
1102 616 1167 694 lege
1181 615 1283 676 dicent
1296 617 1355 676 de-

247 698 360 768 cretum
373 706 475 767 tulisse
489 706 725 787 Ctesiphontem.
832 713 836 722 '

290 799 335 858 16.
359 797 426 877 Ego
439 819 509 860 vero
521 801 662 886 adversus
676 800 799 860 istorum
812 802 962 880 captiones
982 801 1064 880 leges
1083 808 1194 861 vestras
1208 808 1354 879 patrem

178 967 182 971 ‚
248 891 408 964 advocabo,
417 892 499 973 qnod
512 893 583 952 mibi
597 912 650 972 per
663 903 756 953 totam
767 893 885 972 quidem
896 893 1114 955 accusationem
1125 911 1241 952 summo
1248 892 1357 951 studio

248 993 303 1042 est.
338 983 416 1044 Nam
432 985 459 1044 si
478 985 535 1045 hoc
557 1005 657 1045 verum
670 994 728 1055 cst,
748 987 772 1045 si
787 985 854 1046 talis
867 987 897 1045 in
911 985 1121 1065 rempublicam
1135 993 1261 1044 vennam
1275 1003 1353 1044 con·

249 1075 377 1135 snetndo
394 1075 518 1156 irrepsit,
533 1085 567 1137 nt
580 1076 663 1156 leges
677 1077 765 1138 irrite
778 1077 853 1137 inter
869 1088 948 1138 retas
962 1077 1021 1138 sint
1033 1077 1199 1157 adscriptor,
1218 1085 1250 1136 et
1269 1077 1351 1136 binae

249 1167 402 1228 decadem
421 1188 453 1246 re
467 1170 542 1230 inter
554 1191 587 1230 se
607 1180 785 1249 pugnantes,
798 1170 914 1248 qualem
927 1169 1046 1230 tandem
1059 1189 1125 1229 eam
1142 1170 1223 1230 dicat
1242 1168 1351 1247 aliquis

248 1275 314 1317 esse
328 1260 547 1338 rempublicam,
560 1261 591 1319 in
602 1261 752 1341 qnaleges
762 1260 865 1320 eadem
876 1260 974 1320 iacere
983 1270 1014 1319 et
1023 1279 1084 1320 non
1094 1261 1189 1320 lacere
1197 1260 1328 1338 jubeant
1337 1261 1358 1320 i.

248 1349 359 1411 Verum
372 1353 431 1413 ista
443 1373 503 1413 non
524 1354 567 1413 ita
586 1374 619 1414 se
637 1354 764 1421 habent3
787 1363 817 1412 et
836 1353 913 1412 absit
931 1363 965 1411 ut
982 1372 1035 1411 vos
1049 1371 1179 1431 unquam
1193 1352 1233 1411 ed
1255 1353 1357 1430 telem·

245 1443 344 1524 legum
358 1446 559 1506 confusionem
583 1445 785 1527 prolabamini,
800 1444 972 1524 nequehoec
987 1453 1059 1504 sunt
1075 1444 1276 1522 alegislstore
1293 1445 1349 1524 'qui

244 1536 386 1616 populare
404 1537 557 1616 imperinm
571 1538 725 1596 constitnit
740 1536 886 1615 neglecta,
900 1537 971 1616 quin
984 1535 1092 1611 diserte
1107 1536 1283 1614 imperatnm'
1299 1547 1351 1596 est

245 1629 450 1689 thesmotbetis
461 1639 494 1688 ut
508 1628 590 1708 leges
601 1627 758 1708 quotannis
773 1628 802 1687 in
815 1628 925 1708 populo
939 1629 1095 1707 corrigant,
1109 1647 1176 1687 cnm
1187 1627 1351 1707 diligenter

244 1721 457 1799 inquisiverint,
465 1731 496 1781 et
506 1721 704 1793 eminerent,
718 1732 817 1780 utrum
831 1719 878 1779 lex
889 1719 970 1779 alteri
980 1720 1039 1798 legi
1046 1717 1190 1780 contrarie
1199 1719 1349 1792 obtinent,

247 1822 299 1874 ant
314 1813 394 1874 irrita
412 1814 487 1872 inter
504 1823 592 1885 ratas,
608 1822 660 1873 ant
677 1812 770 1872 sicubi
789 1811 957 1892 plusquam
971 1831 1031 1871 una
1049 1813 1089 1872 sit
1106 1811 1145 1870 de
1165 1810 1296 1890 quelibet
1313 1832 1348 1871 re

244 1908 427 1986 perscripto:
448 1904 529 1985 qnod
544 1906 569 1964 si
587 1906 660 1984 qnid
673 1904 841 1985 hujusmodi
863 1904 1116 1984 deprehenderint,
1136 1905 1221 1984 jubet
1240 1923 1290 1964 ens
1313 1905 1346 1964 in

245 1997 353 2057 tabulis
379 1997 541 2076 descriptas
567 2016 620 2077 pro
640 2017 671 2056 x.
693 1997 814 2056 heroum
838 1996 942 2055 statuis
963 1997 1096 2076 proponi,
1115 2006 1253 2075 prytanes
1273 2015 1346 2070 vero

247 2089 417 2148 concionem
429 2087 548 2161 hebere,
557 2090 758 2167 progroanncts‘
771 2108 819 2146 ano
829 2088 939 2146 titulum
952 2087 1128 2148 nomothetis
1139 2087 1342 2158 inscribentes,

246 2191 310 2240 tum
327 2178 487 2261 presidum
500 2181 670 2261 prefectum
684 2181 825 2261 populum
849 2182 879 2239 in
902 2179 1041 2259 suffragia
1059 2181 1183 2247 mittere,
1206 2191 1238 2239 et
1258 2180 1342 2258 leges

243 2273 315 2335 elios
329 2277 479 2351 abrogare,
489 2274 561 2334 nliss
575 2274 709 2346 retinere,
723 2282 759 2332 nt
770 2290 831 2330 nna
841 2271 880 2330 sit
893 2273 952 2343 lex,
963 2291 1021 2330 non
1035 2271 1142 2351 plnres,
1153 2271 1192 2331 de
1205 2264 1341 2352 unaque-

244 2360 301 2443 qn'e
314 2384 354 2423 re.
388 2363 496 2423 Recita
510 2361 582 2422 mihi
594 2363 685 2442 leges.

712 2543 853 2640 senes

243 2723 274 2783 Si
289 2722 375 2801 igitur
388 2740 457 2781 vera
469 2732 579 2797 essent,
594 2722 878 2804 Atheniensesque
892 2725 977 2784 abiis
991 2721 1138 2796 dicuntur,
1158 2725 1283 2802 dumque
1300 2723 1341 2784 de

242 2815 395 2894 preconiis
404 2816 485 2894 leges
496 2815 689 2888 exstitissent,
703 2815 797 2886 nliter,
813 2817 923 2897 opinor,
943 2817 1004 2877 fleri
1018 2836 1077 2877 non
1090 2818 1241 2897 potuisset,
1265 2818 1338 2898 qnin

241 2907 475 2978 atbesmotlretis
490 2909 680 2990 deprehensae
693 2910 824 2981 luissent,
839 2919 869 2969 et
883 2930 901 2970 a
914 2903 1085 2992 prytnnibus
1103 2910 1336 2971 nomothetsrnni

235 2999 349 3079 judicio
363 3001 487 3074 tradite,
501 3011 532 3061 et
546 3003 589 3062 sic
602 3002 694 3062 altera
708 3002 871 3081 exlegibus
886 3003 1046 3076 tolleretur,
1062 3006 1108 3063 vel
1124 3023 1161 3064 ea
1176 3023 1242 3082 quse
1258 3025 1335 3083 pres·

118 3153 122 3165 ,
238 3092 356 3151 conium
374 3091 435 3150 lieri
448 3102 528 3150 extro
542 3096 689 3151 concionem
703 3094 892 3170 permitteret,
908 3096 955 3154 uel
969 3115 1005 3154 ea
1017 3115 1084 3174 qum
1098 3095 1219 3180 vetaret.
1257 3098 1334 3156 Cum

238 3178 339 3241 autem
351 3183 423 3242 nibil
436 3185 494 3242 tale
507 3183 616 3242 iactum
630 3185 677 3252 sit,
693 3195 794 3262 aperte
805 3185 936 3246 nimirum
950 3195 1078 3258 constat,
1088 3207 1139 3246 eos
1150 3205 1211 3246 non
1219 3199 1333 3250 tantum

237 3292 305 3350 quse
323 3292 392 3332 vera
410 3291 469 3332 non
488 3273 547 3332 sint
564 3273 719 3343 affirmare,
736 3275 890 3335 sedetiam
913 3296 980 3358 qnoe
999 3297 1036 3336 ne
1054 3277 1115 3336 fieri
1136 3278 1252 3355 quidem
1273 3281 1335 3340 ullo

236 3365 327 3426 modo
337 3366 459 3444 possint.

279 3460 326 3519 17.
347 3458 456 3518 Verum
471 3457 550 3518 nnde
570 3459 626 3518 hoc
646 3461 831 3522 mendacium
853 3461 991 3535 eruerint,
1013 3480 1070 3540 ego
1088 3481 1140 3522 vos
1160 3463 1285 3536 docebo,
1307 3467 1333 3525 si
1439 3469 1440 3489 ¹

234 3551 315 3632 prins
329 3569 402 3630 quas
415 3552 453 3610 ob
468 3569 574 3611 censae
588 3552 669 3631 leges
690 3553 727 3612 de
741 3553 895 3632 preconiis
910 3543 1106 3613 theatralibus
1117 3545 1186 3613 lette
1205 3547 1267 3614 sint
1280 3577 1332 3616 ex·
1437 3551 1439 3626 f

234 3662 370 3722 posoero.
400 3642 475 3734 ¹curn
490 3642 553 3702 ludi
567 3637 671 3723 tragici
683 3645 787 3706 urbani
801 3647 913 3718 fierent,
925 3644 984 3732 alii,
998 3665 1028 3704 re
1042 3665 1059 3704 a
1073 3645 1183 3724 populo
1197 3664 1258 3705 non
1277 3649 1331 3707 im·

104 3753 125 3820 ᾗ
233 3744 358 3816 petente,
373 3735 591 3813 predicandum
605 3739 749 3798 cnrabant
758 3757 789 3796 se
804 3755 912 3797 corona
925 3737 1026 3796 donari
1039 3757 1058 3796 a
1070 3731 1236 3810 tribulibus,
1251 3739 1299 3798 alii
1315 3761 1333 3800 a

233 3827 435 3908 popularibus,
460 3827 595 3887 nonnulli
614 3831 701 3889 etiam
721 3829 836 3890 silentio
856 3849 907 3909 por
933 3823 1097 3910 preconem
1124 3830 1203 3890 lacto
1231 3849 1331 3892 servos
1434 3855 1435 3922 ι

234 3940 304 3981 euos
322 3920 454 3982 libertate
467 3919 627 3994 donabant,
642 3921 822 4000 Graeceque
836 3922 1070 3982 manumissionis
1083 3913 1161 3981 illius
1174 3932 1266 3982 testes
1280 3923 1332 3984 sd·
1433 3941 1434 4008 l

233 4010 389 4072 bibebant:
411 4023 442 4071 et
453 4013 535 4091 qnod
549 4014 678 4074 omnium
691 4025 755 4076 erat
767 4011 1163 4093 invidiosissimumquidnrn
1179 4015 1258 4094 apud
1278 4035 1331 4075 ex-

232 4111 311 4162 teras
323 4104 455 4164 ciuitates
467 4103 594 4186 hospitia
607 4107 758 4168 consecuti
778 4101 963 4186 perlec'ernnt
982 4115 1015 4165 nt
1035 4106 1214 4185 preconium
1235 4099 1328 4182 fieret,

233 4181 266 4252 se
280 4195 431 4272 e'popnlo,
442 4197 653 4275 pnte'lortesse
664 4198 782 4259 Rhodio
792 4198 837 4258 vel
852 4197 927 4258 Chio
940 4199 986 4258 rel
997 4195 1257 4278 alio'quocnnque,
1271 4199 1330 4260 rir-

233 4284 306 4344 tntis
323 4302 396 4362 erqo
408 4296 438 4345 et
450 4287 634 4363 fortitudinis,
648 4310 758 4351 corona
769 4291 880 4350 donari.
914 4290 1009 4368 Atque
1030 4291 1095 4350 hoec
1116 4309 1176 4350 non
1197 4291 1240 4350 its
1257 4311 1329 4372 ege·

230 4377 316 4451 bant,
326 4380 473 4456 quomodo
485 4382 504 4438 ii
517 4382 568 4458 qni
581 4401 599 4442 a
611 4393 715 4443 senatu
728 4393 825 4444 restro
839 4382 885 4444 uel
900 4401 918 4445 a
931 4383 1041 4464 populo
1055 4379 1240 4458 coronentur,
1255 4392 1296 4443 re·
1309 4405 1328 4445 a
