2967 5017
262 330 303 390 ss
591 328 636 388 rs
660 317 1020 391 cessissemus

263 485 383 544 lieribrrs
396 487 459 558 ejus
473 485 651 544 numeratus.
674 483 784 543 Verum
797 485 869 543 iseso
880 503 933 562 per
944 459 1077 562 injuriam
1089 481 1235 563 Philippo,
1245 469 1376 564 aufugit

32 613 43 634 1
150 563 182 578 ”
263 575 332 636 inde
346 575 538 637 et.'lbcbsnis
550 575 629 635 uitro
642 595 676 634 se
689 577 718 634 in
732 585 907 654 potestatem
922 575 1050 634 tradidit.
1079 575 1153 634 Mox
1170 576 1225 636 illis
1243 577 1375 656 quoque¹

148 739 151 742 ⁴
263 667 383 738 relictis,
404 687 471 726 cum
492 667 698 746 pluresqusm
714 666 839 744 Euripus
853 665 997 745 illcjuxts
1011 685 1097 745 quern
1117 667 1270 726 habitabat
1290 669 1374 727 reci·
1463 707 1464 710 η

262 779 370 841 proces
389 757 509 818 fecisset
521 759 738 829 conversiones,
759 759 871 818 medius
887 759 990 818 incidit
1004 759 1091 835 inque
1107 754 1315 817 Thebanorum
1341 768 1374 818 et
1463 835 1464 846 ἶ

264 852 392 930 Philippi
404 850 580 910 inimicitius.
605 851 739 911 Incertus
754 851 908 928 igiturque
920 869 952 908 se
965 859 1101 920 verteret,
1110 869 1175 908 cum
1182 850 1245 928 jem
1257 851 1372 911 milites
1463 881 1464 906 ;

214 985 218 990 ’
263 955 364 1006 contre
378 961 444 1002 eum
456 943 662 1014 scriberentur,
676 943 793 1001 unicam
809 941 864 1002 sibi
879 961 960 1021 spem
975 942 1078 1002 salutis
1089 942 1229 1019 reliquam
1243 963 1311 1001 esse
1323 945 1371 1002 ri·
1463 1009 1464 1020 χ

266 1037 320 1109 dit,
334 1035 359 1095 si
373 1035 513 1115 populum
525 1034 747 1103 Adreniensem,
759 1033 829 1094 socii
842 1035 960 1094 nomine
969 1035 1158 1113 appellatum,
1168 1035 1369 1114 jurejurando
1463 1029 1464 1048 ¹

244 1113 459 1197 'obstrinxerit
471 1145 539 1186 eum
552 1147 639 1206 opem
654 1127 708 1186 sibi
722 1127 860 1196 laturum,
875 1126 899 1183 sl
912 1129 949 1185 eb
963 1127 1061 1205 aliquo
1071 1127 1270 1198 invaderetur,
1284 1127 1371 1204 quod

263 1220 326 1281 sine
339 1219 429 1278 dobio
441 1228 503 1278 erst
515 1219 656 1291 loturum,
669 1219 724 1277 nisi
738 1235 791 1278 vos
805 1219 1005 1296 prohiberetis.
1028 1220 1102 1278 Hsec
1114 1219 1202 1296 igitur
1216 1237 1287 1277 cum
1300 1219 1368 1276 sni·

262 1329 312 1372 mo
329 1329 384 1370 suo
400 1322 539 1391 reputsns
559 1311 650 1370 mittit
667 1312 726 1370 huc
749 1312 864 1390 legatos
888 1311 1074 1382 Glaucetam,
1096 1310 1310 1390 Empedonem‚
1336 1317 1370 1369 et

264 1403 428 1464 Diodorum
447 1403 530 1462 illum
543 1421 633 1463 cursu
654 1402 744 1480 longo
764 1403 933 1480 pollentem,
955 1401 1139 1481 quiquidem
1163 1402 1277 1481 populo
1294 1420 1365 1479 spes
1463 1451 1464 1476 ἶ

261 1499 374 1568 inanes,
397 1495 590 1554 Demostheni
611 1505 643 1552 et
663 1495 830 1571 gregalibus
849 1495 913 1573 ejus
933 1513 1069 1553 nummos
1085 1493 1257 1553 efferebant.
1292 1493 1367 1552 Tris

261 1598 361 1649 sutem
375 1597 468 1658 erant,
481 1606 548 1665 quse
561 1586 646 1646 simul
658 1586 832 1646 redimebat.
864 1585 1004 1658 Primum,
1020 1595 1055 1646 ut
1075 1605 1112 1644 ne
1136 1586 1289 1644 societatis
1311 1604 1366 1644 ve-

261 1692 331 1742 stroe
346 1700 398 1760 spe
412 1680 578 1740 decideret:
600 1678 670 1738 nihil
684 1678 762 1738 enim
776 1679 803 1737 ei
818 1685 881 1737 eret
894 1676 1030 1747 medium,
1045 1679 1070 1736 si
1083 1677 1209 1757 populus
1227 1667 1371 1756 superio·=

260 1793 325 1834 nrm
335 1775 503 1848 injuriarum
518 1790 627 1832 memor
640 1772 810 1832 societstem
823 1770 886 1850 ejus
901 1768 1092 1850 repudiasset,
1107 1769 1177 1848 quin
1193 1775 1247 1829 sut
1270 1770 1365 1829 Chal:

260 1868 328 1928 cide
337 1865 563 1946 pmlugieudum
577 1875 658 1924 esset
671 1875 722 1925 eut
734 1863 862 1942 undique
876 1864 1037 1940 intercepto
1050 1863 1231 1922 moriendum
1240 1883 1254 1942 ς,
1272 1873 1318 1922 tot
1333 1867 1366 1922 et

257 1969 350 2019 tsntse
364 1958 393 2014 in
406 1975 474 2015 eum
488 1974 506 2014 s
520 1955 654 2034 Philippo
668 1967 699 2014 et
712 1956 862 2014 Thebanis
884 1955 1059 2032 ingruebant
1079 1953 1183 2032 coploe.
1219 1953 1363 2013 Secundo

260 2061 372 2121 eutem,
385 2046 530 2126 stipendis
543 2048 570 2106 ei
582 2041 681 2106 delete
695 2057 765 2106 sunt
778 2048 828 2124 qui
839 2048 1011 2106 societstem
1024 2047 1202 2116 decreverat,
1218 2065 1258 2104 ne
1269 2046 1361 2106 Chel-

259 2142 397 2204 cidenses
408 2138 557 2200 communi
568 2139 692 2199 concilio
705 2139 828 2198 Athenis
838 2149 1000 2200 convocato
1013 2139 1152 2198 interesse
1162 2149 1360 2217 cogerentur:
1463 2161 1464 2174 ¹

258 2237 346 2296 tertio
366 2234 502 2311 denique,
516 2251 554 2290 ne
567 2231 677 2292 tribute
696 2231 869 2310 penderent.
906 2231 944 2288 Et
965 2231 1089 2290 Gelliam
1107 2231 1226 2309 quidem
1249 2231 1359 2290 nullius

257 2347 357 2391 eornm
371 2345 438 2404 quse
453 2323 508 2384 sibi
520 2335 714 2402 proposuerat
726 2341 793 2401 spes
812 2323 925 2391 resellis,
940 2322 993 2381 sed
1007 2322 1057 2382 ssle
1074 2322 1219 2402 tyrannis,
1240 2330 1276 2382 ut
1295 2323 1358 2401 ipse
1463 2349 1464 2406 ᾗ

258 2420 353 2496 lingit,
365 2418 498 2474 intensus
516 2413 742 2484 Demosthenes,
763 2431 850 2491 quern
864 2415 905 2473 eit
928 2414 1091 2494 Ctesiphon
1114 2414 1224 2494 optime
1243 2431 1359 2494 semper
1463 2447 1464 2450 =

257 2511 367 2579 dicere,
381 2505 495 2565 oblstss
509 2505 677 2583 reipublice
690 2505 860 2566 occasiones
878 2505 1020 2577 vendidit,
1040 2516 1071 2565 et
1092 2508 1121 2565 in
1140 2508 1284 2566 societate
1304 2507 1358 2565 de·

257 2600 406 2686 cernenda
417 2599 533 2658 censuit
551 2607 584 2658 nt
599 2598 847 2658 Chalcidensibus
869 2617 956 2678 opem
972 2618 1026 2658 nos
1041 2599 1192 2672 ferremus,
1209 2600 1358 2660 locutione

258 2701 374 2757 tentum
388 2699 576 2761 commutata,
597 2709 652 2770 pro
667 2690 713 2750 his
728 2691 806 2750 enim
826 2691 957 2751 honestes
976 2692 1089 2752 scilicet
1106 2693 1245 2752 orationis
1267 2711 1359 2753 sauss

257 2789 384 2869 scripsit,
400 2795 435 2845 ut
456 2784 670 2844 Chalcidenses
690 2803 776 2862 opem
795 2783 912 2854 lerrent,
929 2784 953 2844 si
968 2785 1034 2862 quis
1047 2785 1078 2843 in
1092 2785 1289 2845 Athenienses
1310 2787 1356 2845 in-

258 2881 386 2948 rsserit:
406 2888 580 2938 consessum
600 2887 700 2936 sutem
720 2891 906 2935 communem
926 2885 957 2935 et
973 2877 1092 2946 tribute,
1106 2895 1143 2935 er
1157 2877 1263 2956 quibus
1286 2877 1356 2937 belli
1463 2867 1464 2952 ¹

256 2975 363 3033 robore
374 2971 553 3051 pendebant,
567 2987 687 3053 prorsus
707 2967 850 3040 vendidit,
873 2967 1091 3050 speciosissimis
1110 2967 1206 3027 verbis
1225 2987 1272 3027 res
1294 2977 1355 3027 tur-

163 3095 168 3106 ι
257 3064 394 3147 pissimes
417 3061 601 3141 complexus,
621 3078 716 3139 eoque
737 3079 789 3118 vos
812 3059 937 3119 dicendo
958 3059 1131 3142 perducens,
1157 3067 1191 3117 ot
1209 3061 1357 3119 crederetis

256 3167 391 3239 oportere
418 3157 566 3215 civitatem
589 3141 720 3212 nostrerh
740 3170 856 3230 semper
877 3151 990 3212 Graecis
1014 3153 1121 3211 auxilio
1144 3145 1302 3230 ¹egentibus
1322 3153 1354 3210 in

255 3250 356 3330 primis
378 3267 464 3325 opem
484 3245 571 3316 serre,
593 3244 747 3302 societates
767 3263 836 3302 vero
857 3252 925 3323 post
944 3245 1054 3304 collate
1077 3243 1195 3304 demum
1213 3243 1357 3304 beneficis
1409 3297 1412 3304 .

255 3341 374 3420 pacisci.
414 3337 456 3394 Ut
468 3346 566 3394 autern
580 3353 627 3393 ms
639 3353 710 3395 rere
721 3336 821 3396 dicere
834 3337 1027 3415 pernoscetis,
1042 3355 1115 3416 cepe
1127 3337 1269 3416 scriptum
1281 3337 1355 3398 illud

237 3431 361 3494 ‘Calliae
372 3439 406 3491 et
418 3427 599 3500 societatem,
614 3436 644 3486 et
657 3429 750 3488 recite
763 3429 922 3488 decretum.

257 3531 263 3544 '
726 3528 730 3554 Ι

684 3631 925 3694 DECRETUM.

254 3819 258 3824 «
295 3783 345 3838 34.
366 3777 508 3839 Nondum
519 3777 611 3854 igitur
621 3776 680 3835 hoe
692 3790 783 3853 grsre
797 3786 849 3835 sut
862 3776 1015 3854 indignum
1034 3787 1088 3850 est,
1103 3778 1128 3839 si
1142 3785 1232 3838 unte
1245 3797 1352 3842 renum

254 3871 363 3933 dentur
376 3869 608 3949 opportunitates
621 3879 652 3927 et
659 3885 817 3928 consessus
828 3879 859 3928 et
871 3870 988 3941 tribute,
999 3870 1053 3930 sed
1065 3869 1158 3930 multo
1171 3867 1254 3942 illud,
1269 3875 1352 3952 quod

252 3964 391 4030 dicturus·
398 3979 475 4032 sum,
487 3960 632 4040 indignius
643 3959 799 4020 ridebitur.
835 3960 881 4020 Eo
894 3962 972 4022 enirn
984 3963 1171 4022 contumeliis
1181 3973 1213 4022 et
1222 3965 1352 4024 sveritise

253 4054 400 4134 processit
418 4052 539 4125 Gellia,
563 4072 600 4112 eo
623 4051 750 4112 sordide
776 4053 995 4116 nundinstionis
1015 4053 1244 4129 Demosthenes,
1262 4069 1351 4136 quem

253 4147 390 4207 leudibus
404 4145 487 4206 effert
500 4145 672 4225 Ctesiphon,
682 4157 716 4204 ut
729 4145 839 4205 tribues
852 4165 919 4225 quse
932 4157 995 4206 tum
1007 4149 1045 4207 eb
1059 4149 1139 4206 Oreo
1149 4158 1211 4208 tum
1226 4151 1265 4208 sb
1279 4149 1352 4210 Ere-
1399 4159 1406 4168 '

253 4239 312 4297 uss
322 4237 539 4314 perdebantur,
552 4238 655 4298 deoem
666 4238 787 4310 telepte,
801 4239 885 4298 robis
898 4238 1076 4312 ridentibus,
1090 4239 1293 4318 prudentibus,
1306 4241 1352 4301 irs·

253 4329 467 4408 spectantibus,
481 4332 581 4393 furtim
593 4329 795 4402 subduxerint,
804 4333 913 4409 quique
923 4332 960 4390 sb
975 4332 1020 4392 his
1031 4331 1197 4392 civitatibus
1212 4333 1288 4392 mitti
1303 4349 1353 4392 so·-

252 4421 555 4485 lebsstconssssorss
566 4444 588 4484 s
600 4422 686 4496 vehis
698 4423 894 4500 srocsrerint,
907 4433 997 4504 etque
1010 4425 1158 4486 iterumin
1173 4421 1350 4486 chelciders
