2967 5017
268 334 328 394 798
602 334 767 397 ottfflo
789 329 1024 397 anatome.

266 488 497 551 benevolentiam
521 508 630 553 numen
651 490 792 551 ostendit.
847 488 919 547 Non
938 488 1017 547 enim
1041 506 1094 547 eos
1113 487 1155 547 ad
1181 482 1366 547 neoeulna

267 579 411 641 duntaxat
422 598 493 640 usus
507 582 647 642 ideoneos
661 581 796 661 praebuit,
811 578 874 651 sad,
886 598 956 639 oum
965 577 1146 659 quorundam
1160 578 1250 638 virtus
1259 578 1311 637 vix
1323 594 1366 636 ex

268 672 432 757 actionibus
453 681 600 752 appareat,
625 690 721 733 mores
743 682 811 731 tuos
838 671 1058 751 probatissimos
1080 688 1132 749 per
1152 670 1235 729 visus
1251 668 1366 729 indicia

147 818 151 827 .
268 761 435 837 declaravit,
448 763 498 842 qui
512 763 552 823 aia
567 772 596 823 et
615 762 693 823 mitis
711 771 798 841 atque
815 761 962 823 humanus
976 761 1130 842 adspectu,
1141 770 1174 821 et
1186 760 1365 838 magnificus

269 866 299 917 et
321 856 417 935 gravis
440 857 472 917 in
497 856 563 917 vites
579 855 802 929 consuetudine,
824 866 854 916 et
875 853 958 916 sortis
981 874 1017 915 ac
1031 853 1198 914 moderatus
1220 853 1367 914 adversas

269 968 388 1011 omnes:
408 950 439 1009 id
461 949 542 1030 quod
563 949 593 1007 iu
616 948 715 1029 primis
738 947 890 1008 admirere.
931 947 1010 1007 Nam
1024 964 1092 1006 cum
1104 943 1226 1005 aliorum
1238 944 1366 1004 comitas

270 1042 300 1101 in
312 1040 493 1114 humilitatis,
507 1041 631 1120 grantae
645 1040 676 1100 iu
695 1039 801 1112 lautus,
810 1040 973 1119 opinionem
986 1039 1125 1110 incurrat,
1138 1055 1265 1125 cumque
1272 1035 1365 1096 iidem

250 1142 303 1193 'ut
325 1144 440 1213 propter
460 1133 660 1195 lortitminem
673 1134 827 1206 tememrii,
845 1134 888 1194 sic
908 1142 1026 1213 propter
1046 1129 1299 1191 mansuetudinem
1316 1130 1367 1191 in·

268 1234 345 1287 ertes
364 1225 527 1301 rideantur,
540 1234 586 1286 tot
608 1245 654 1289 rea
674 1227 750 1287 inter
773 1246 806 1287 ae
830 1226 989 1288 contrarias
1007 1234 1096 1285 nacta
1115 1223 1241 1290 fortuna,
1255 1223 1297 1282 ita
1318 1224 1364 1283 uti

269 1336 322 1399 par
334 1328 389 1392 est,
408 1319 506 1380 omnia
520 1320 731 1381 consentientia
749 1338 849 1380 aecum
861 1318 969 1391 effecit,
983 1318 1065 1397 quasi
1076 1327 1177 1377 votum
1189 1314 1366 1390 absolveret,

271 1420 324 1471 aut
336 1411 503 1491 exemplum
517 1412 581 1473 aliis
595 1410 748 1473 ostendere
762 1410 860 1483 vellet,
873 1428 932 1471 non
941 1410 1026 1489 quasi
1039 1408 1202 1479 mortalem,
1214 1404 1273 1486 pro'
1281 1425 1366 1469 more

271 1522 335 1577 suo,
348 1514 482 1565 naturam
496 1504 695 1590 constitueret
737 1502 827 1572 Quod
848 1501 874 1562 si
894 1512 974 1569 tuam
996 1500 1222 1582 pulcritudinem
1245 1500 1365 1579 assequi

272 1594 397 1657 dicendo
408 1596 517 1669 liceret,
531 1606 582 1657 aut
606 1614 696 1656 uuum
717 1594 775 1655 boo
787 1594 818 1653 iu
839 1602 869 1653 te
885 1592 1063 1653 laudandum
1075 1601 1164 1664 meet,
1177 1590 1249 1649 nibil
1261 1590 1293 1649 iu
1305 1590 1366 1651 boc

271 1688 313 1749 tui
337 1690 502 1751 celebrandi
522 1688 672 1771 proposito
690 1708 707 1749 o
729 1687 787 1748 tuis
806 1685 923 1748 dotibus
940 1684 1176 1766 praetereundum
1196 1684 1364 1745 videretur:

273 1800 352 1841 nunc
371 1802 454 1845 varor
477 1802 514 1843 na
538 1783 685 1844 auditores
706 1780 898 1860 defatigemus
911 1788 946 1838 ut
957 1779 1053 1839 minus
1067 1777 1202 1839 alacriter
1219 1775 1369 1855 accipiant

273 1873 395 1955 reliqua,
408 1876 433 1934 ai
446 1876 484 1936 de
496 1875 552 1937 boo
565 1874 676 1937 frustra
688 1880 839 1954 augemur.
882 1872 954 1941 Quis
967 1874 1045 1931 enim
1060 1871 1186 1951 speciem
1201 1882 1284 1930 tuam
1298 1888 1367 1929 ora·

272 1967 353 2029 tione
373 1968 522 2046 exprimat,
545 1986 632 2047 quam
654 1987 711 2028 nec
733 1967 820 2044 picta
833 1976 885 2024 aut
902 1965 980 2023 ficta
998 1963 1141 2041 imagines
1160 1961 1367 2042 prestantissi-

272 2078 385 2121 morum
399 2059 539 2119 artificum
560 2058 704 2119 industria
724 2057 882 2116 elaborata
905 2072 1041 2133 superare
1058 2054 1190 2134 queantl
1211 2056 1318 2134 Neque
1334 2054 1367 2115 id

272 2150 447 2213 mirandum.
495 2150 572 2210 Nam
600 2151 658 2209 illua
687 2146 850 2209 immobiles
874 2157 1053 2227 spectantur,
1075 2159 1116 2207 ut·
1131 2150 1290 2209 obscurum
1318 2148 1368 2221 sit,

271 2242 436 2324 cujusmodi
456 2240 481 2302 ai
503 2241 633 2301 viverent
655 2251 847 2322 apparerent:
874 2240 929 2299 sed
950 2240 1037 2300 animi
1061 2242 1104 2300 tui
1125 2242 1325 2303 mansuetudo
1336 2252 1370 2303 et

272 2334 428 2397 dexteritas
441 2334 469 2393 iu
485 2332 619 2409 omnibus
633 2334 689 2391 tuis
703 2332 787 2389 lactis
800 2338 983 2389 venustatem
997 2332 1125 2409 corporis
1138 2332 1244 2392 mirum
1257 2335 1288 2393 in
1303 2352 1367 2395 mo·

273 2427 343 2487 dum
356 2435 453 2504 auget.
494 2425 542 2483 Ac
553 2434 612 2483 tuae
624 2421 725 2483 forme
738 2418 853 2494 laudes,
864 2438 1031 2500 quanquam
1044 2422 1168 2502 preterii
1181 2425 1301 2499 multas,
1311 2426 1367 2488 bas

272 2520 377 2579 habco.
1041 2564 1048 2577 .

311 2614 341 2672 5.
362 2610 409 2672 De
423 2612 614 2693 temperantia
634 2630 717 2683 vero,
737 2608 935 2693 pulcherrima
953 2610 1020 2671 laus
1042 2610 1093 2670 illa
1110 2612 1249 2683 occurrit,
1273 2613 1366 2691 qnod,

270 2722 338 2769 oum
358 2704 416 2767 ista
437 2714 510 2767 setae
521 2706 681 2767 'calumniis
695 2704 829 2787 exposita
846 2705 893 2779 sit,
907 2704 960 2763 tibi
978 2703 1114 2765 usuvenit
1134 2712 1167 2762 ut
1185 2703 1285 2781 potius
1302 2704 1368 2765 lau·

271 2799 382 2861 desere.
437 2799 505 2859 Non
528 2798 616 2859 modo
641 2799 718 2859 enim
737 2797 810 2858 nihil
837 2797 992 2876 delinquis,
1017 2796 1070 2857 sed
1097 2795 1254 2873 sapientius
1277 2798 1368 2857 etiam

272 2910 359 2973 quam
371 2912 425 2973 pro
438 2892 510 2953 flore
523 2892 617 2953 etatis
630 2894 719 2952 vitum
740 2892 898 2952 instituisti.
939 2891 1033 2970 Cujus
1049 2890 1091 2950 rei
1110 2888 1270 2948 maximum
1281 2892 1369 2952 testi·

272 2986 403 3047 monium
422 2994 467 3045 est
480 2996 531 3045 tua
544 3004 611 3045 cum
624 2983 790 3045 hominibus
810 2982 1004 3042 consuetudo.
1045 2982 1122 3041 Cum
1140 2981 1217 3042 enirn
1236 2990 1269 3042 te
1282 2983 1369 3044 multi

272 3078 448 3139 conveniant
470 3078 614 3157 iidemque
636 3074 839 3136 diuersissimis
858 3075 975 3155 praediti
994 3076 1133 3156 ingeniis,
1154 3085 1243 3155 teque
1263 3095 1368 3139 omnes

273 3168 313 3228 ad
334 3188 429 3229 suum·
444 3169 666 3228 familiaritatem
687 3167 820 3239 invitent,
847 3168 888 3229 ita
913 3169 1055 3248 praeclare
1081 3178 1112 3229 te
1139 3168 1282 3228 adversus
1297 3170 1369 3231 illos

273 3276 375 3320 omues
385 3258 758 3338 qessbfi,utamicitiotua
772 3260 964 3322 delectentur.
991 3262 1079 3330 Quod
1087 3270 1135 3322 eat
1146 3262 1214 3320 vitm
1225 3260 1368 3323 indicium

274 3350 457 3419 laudabiliter
479 3351 873 3433 humaniterque'instituta.
904 3354 1080 3433 Quanquam
1102 3354 1271 3433 auternjam
1291 3372 1369 3414 uon·

275 3443 348 3503 nulli
371 3443 483 3523 probati
505 3456 584 3520 aaut,
597 3446 660 3505 tuni
673 3446 724 3526 qui
747 3466 807 3507 non
824 3448 943 3527 quosvis
965 3446 994 3505 in
1015 3445 1170 3508 amicitiam
1184 3446 1369 3525 recipiendos

275 3546 475 3612 numeratum
491 3537 541 3618 qui
561 3537 664 3598 iisdem
677 3557 819 3619 paruere:
840 3540 920 3619 quod
933 3550 973 3612 et,
994 3538 1102 3620 siquis
1121 3538 1258 3617 improbis
1279 3540 1371 3601 obse·

274 3638 389 3707 quatur,
403 3647 524 3691 necem
538 3630 577 3689 ait
589 3628 670 3709 vulgi
688 3630 941 3710 reprehensionem
962 3634 1120 3705 incurrere,
1132 3640 1173 3704 et,
1191 3629 1215 3689 si
1235 3648 1301 3691 eam
1315 3650 1368 3693 ca-

274 3720 413 3782 lumniam
426 3732 569 3792 vereatur,
581 3720 681 3781 odium
695 3722 824 3801 ipsorum
838 3726 973 3786 solatium
982 3722 1200 3803 suscipiendum
1209 3722 1257 3782 sit.
1299 3722 1369 3804 Ego

275 3822 374 3875 tamen
395 3823 510 3895 propter
530 3813 588 3874 hoc
610 3814 704 3894 ipsum
727 3825 759 3876 ta
782 3818 877 3896 magis
897 3815 1077 3876 laudandum
1096 3832 1214 3888 censeo,
1225 3815 1369 3894 quacum

274 3904 338 3967 aliia
352 3907 414 3967 beri
426 3925 486 3966 non
498 3924 585 3986 posse
603 3906 738 3967 videatur
751 3918 786 3967 ut
799 3909 900 3988 populi
915 3908 1034 3985 judiciis
1047 3908 1186 3988 probetur
1204 3904 1368 3987 quisquam,

273 4008 387 4060 tantum
408 3999 474 4061 illos
497 3998 636 4073 excellas,
649 4009 684 4059 ut
706 3999 893 4061 difficultates
911 4010 1001 4079 atque
1015 3999 1187 4077 asperitates
1200 4018 1303 4062 omnes
1316 4020 1369 4061 su·

273 4092 401 4168 peratis:
421 4110 489 4153 nam
503 4112 541 4151 ne
563 4090 756 4172 suspicionem
777 4090 896 4171 quidem
915 4091 953 4150 de
973 4100 1003 4151 te
1016 4091 1130 4171 praebes
1152 4091 1238 4169 quasi
1259 4090 1313 4151 ulli
1327 4092 1368 4152 ais

274 4178 444 4241 delictorum
472 4182 579 4255 socius,
604 4192 636 4242 et
659 4181 783 4243 aliorum
810 4180 910 4243 odium
933 4200 1047 4242 morum
1066 4181 1239 4243 dexteritate
1261 4180 1367 4245 vincis.

272 4269 341 4331 Jam
354 4291 422 4332 cum
435 4274 622 4345 amatoribus,
637 4273 661 4335 ai
676 4274 748 4354 quid
762 4273 800 4334 de
813 4274 859 4334 bia
871 4292 988 4354 quoque
1001 4274 1161 4335 dicendum
1181 4284 1237 4349 est,
1250 4294 1288 4336 ea
1300 4295 1368 4337 esce

273 4362 347 4423 ratio
366 4370 419 4425 tua
431 4384 525 4446 eaque
542 4378 603 4427 tum
625 4367 740 4428 bouitas
761 4376 824 4427 tum
842 4366 998 4446 prudentia
1015 4366 1086 4427 mibi
1103 4368 1227 4440 ridetur,
1240 4378 1285 4442 ut,
1298 4386 1367 4430 oum

270 4453 400 4537 plerique
412 4474 467 4519 nec
476 4476 544 4519 eum
558 4478 646 4537 quem
666 4458 722 4521 sibi
736 4458 910 4539 delegerunt
924 4460 1076 4521 moderate
1088 4460 1163 4522 serre
1176 4470 1299 4541 queant,
1313 4460 1367 4521 tibi
