2967 5017
453 279 640 350 nannum
659 283 930 350 cancrorum
1176 293 1240 374 aar,

146 427 362 500 ΜΝ*
379 437 504 516 expetiti
515 439 695 518 neglexistis.
736 437 801 504 Nec
824 445 901 518 enirn
924 443 955 509 ia
976 443 1144 522 omimium
1166 464 1238 510 con

143 523 271 600 tredico,
282 525 335 588 aad
349 527 387 591 do
398 529 487 596 uodo
499 530 694 612 aggressionis
708 534 855 604 adversor.

633 687 743 749 XLIV.
796 737 799 744 .

183 799 303 865 Quum
324 801 415 882 legati
439 804 537 872 studio
552 805 703 878 civitatem
726 815 857 883 nostram
875 806 1050 883 accusarint,
1067 826 1168 872 ornnes
1192 812 1235 872 vi-

138 890 238 966 dom,
261 894 464 964 Athenienses·
520 899 589 968 Una
608 899 688 968 euim
710 919 743 962 re
763 910 888 980 excepta
907 902 1007 978 nescio
1033 921 1104 980 qua,
1126 912 1234 967 catera

136 986 343 1052 omniainros
356 1008 515 1070 congerere
536 1000 607 1052 sunt
624 991 731 1055 conati.
774 993 823 1054 Ac
847 993 874 1053 si
886 992 1111 1070 criminationes
1130 1013 1234 1055 eorum

135 1095 219 1137 verre
230 1090 341 1157 essent,
353 1081 475 1160 padam
483 1081 539 1144 illis
544 1085 611 1163 jure
622 1083 781 1156 haberetis,
789 1083 868 1162 qnod
879 1104 931 1143 vos
947 1084 1026 1164 apud
1035 1085 1229 1166 vosmetipsos

134 1171 237 1249 potius
251 1192 340 1251 quam
353 1175 433 1254 apud
443 1175 517 1235 alios
535 1175 579 1235 ita
590 1185 801 1246 accusassent:
821 1177 873 1234 sed
889 1195 956 1236 cunr
971 1177 1014 1236 sic
1027 1178 1157 1238 oratione
1179 1181 1237 1240 sint

134 1266 184 1324 usi
194 1276 229 1326 ut
239 1268 389 1328 veritatem
401 1268 602 1346 perverterint,
615 1285 650 1328 ac
673 1275 736 1326 turn
760 1287 796 1328 ea
816 1277 934 1348 propter
950 1289 1018 1348 quea
1034 1270 1137 1332 laudes
1151 1274 1233 1334 vobis

132 1357 272 1418 maxima
288 1358 429 1419 debentur
440 1357 638 1439 praeterierint,
652 1367 714 1418 turn
727 1359 785 1420 alia
804 1359 923 1422 crimina
935 1359 1012 1422 salsa
1029 1382 1154 1443 quasque
1173 1355 1233 1424 non

131 1448 297 1521 caduntin
319 1469 372 1511 ros
392 1452 562 1532 objecerint,
584 1452 709 1531 improbi
730 1453 842 1526 merito,
866 1462 1019 1534 postquam
1042 1454 1107 1517 hac
1125 1454 1235 1515 iecisse
1341 1480 1344 1492 ·

130 1543 357 1616 convincentur,
382 1554 469 1603 erunt
495 1543 660 1623 judicandi.
707 1544 786 1604 Nam
809 1544 833 1603 si
863 1545 1027 1624 opinionem
1055 1545 1233 1625 eloquentia

127 1631 218 1692 laudi
239 1636 367 1695 veritatis
393 1644 426 1695 et
451 1633 640 1696 humanitatis
665 1636 865 1713 proetulerunt,
897 1656 934 1697 ne
957 1637 1014 1716 ipsi
1037 1637 1166 1717 quidem,
1197 1647 1232 1698 ut

129 1735 266 1805 apparet,
284 1725 323 1786 de
338 1745 374 1786 eo
386 1725 521 1787 laborant
538 1735 574 1786 ut
594 1725 664 1785 boni
677 1725 730 1786 viri
751 1724 924 1788 habeantur.
966 1727 1095 1789 Difficile
1109 1737 1156 1788 eat
1178 1747 1232 1807 pro

126 1817 217 1876 vobis
234 1815 314 1897 apud
337 1837 391 1880 vos
413 1817 558 1879 dicturum
586 1831 717 1897 surgere,
744 1818 990 1896 quemadmodum
1016 1819 1103 1882 tacite
1125 1829 1230 1882 contra

126 1927 195 1967 vos.
238 1909 303 1990 ligo
323 1909 411 1981 enirn,
424 1910 601 1981 mehercule,
613 1909 716 1970 'nullos
736 1909 868 1970 homines
887 1910 970 1984 alios,
992 1929 1061 1972 vera
1083 1929 1137 1972 sua
1157 1912 1229 1976 dum

126 2000 327 2062 admonentur
346 2003 461 2082 probra,
483 2011 544 2063 tam
564 2001 657 2080 oeqois
690 2001 793 2062 animis
820 2002 921 2062 audire
953 2011 1034 2080 puto,
1058 2021 1147 2082 quarn
1174 2023 1226 2064 vos

126 2091 241 2152 auditis
259 2113 295 2153 ea
308 2093 450 2167 convicia,
462 2113 529 2173 qua
540 2093 617 2154 salso
630 2095 661 2153 in
674 2113 728 2154 vos
740 2093 901 2174 jaciuntur.
943 2095 1022 2164 Quin
1044 2093 1118 2156 istos
1137 2095 1227 2156 etiarn

125 2205 191 2246 non
204 2185 339 2249 mstimo
350 2196 412 2247 tarn
426 2186 606 2247 confidenter
617 2186 694 2246 salsa
705 2186 797 2247 fuisse
810 2187 951 2259 dicturos,
970 2186 1025 2246 nisi
1045 2197 1227 2267 compertum

124 2277 186 2340 hoc
206 2278 404 2352 haberentue
415 2278 602 2359 perspicuum
612 2287 701 2351 esset,
712 2295 765 2339 vos
787 2279 917 2339 omnium
936 2296 1002 2338 esse
1022 2278 1225 2357 paratissimos

124 2369 167 2432 ad
187 2370 220 2429 id
242 2369 431 2442 audiendum,
445 2371 526 2451 quod
547 2370 643 2449 quivis
663 2370 693 2429 in
706 2389 757 2430 vos
775 2369 891 2431 dixerit.
931 2369 1019 2436 Quod
1034 2371 1058 2429 si
1071 2367 1223 2430 facilitatis

124 2459 217 2542 hujus
229 2482 327 2543 poena
346 2462 453 2522 dandas
476 2471 556 2536 sunt,
575 2481 636 2522 non
656 2462 722 2522 alise
745 2463 852 2522 fuerin
864 2481 951 2542 quarn
968 2472 1002 2521 ut
1021 2461 1144 2521 crimina
1155 2481 1225 2540 qun

123 2575 187 2620 non
209 2555 322 2616 cadunt
339 2553 370 2614 ln
389 2563 519 2615 nostram
541 2554 690 2614 civitatem
710 2554 846 2614 audiatis.
887 2555 940 2613 Sin
962 2555 1101 2626 veritatis,
1121 2564 1156 2614 ut
1175 2565 1223 2615 eat

122 2668 255 2729 aequum,
269 2647 453 2729 suscipienda
475 2658 524 2718 est
541 2645 683 2718 defensio,
696 2663 761 2705 earn
779 2647 817 2706 ob
832 2665 950 2706 causam
962 2645 1021 2704 huo
1042 2663 1099 2724 ego
1118 2645 1222 2724 prodii,

121 2749 184 2802 n'on
199 2739 279 2820 quod
298 2759 345 2800 me
367 2759 421 2820 pro
444 2738 585 2818 dignitate
603 2755 698 2797 rernm
712 2756 731 2795 a
750 2739 833 2797 vobis
849 2747 998 2816 gestarum
1011 2755 1100 2816 posse
1114 2737 1221 2812 dicere,
1342 2759 1349 2770 ·

123 2835 177 2894 sed
195 2831 276 2912 quod
299 2833 439 2903 actiones,
452 2829 672 2910 quibuscunque
683 2827 779 2887 verbio
799 2828 990 2908 explicentur,
1008 2827 1104 2906 justas
1126 2827 1219 2888 mum

121 2927 156 2987 iri
184 2923 313 2987 confido.
352 2923 467 2983 Vellem
490 2933 589 2982 tamen
609 2936 675 2990 vor,
699 2918 903 2991 Athenienses,
926 2935 1027 2996 aequor
1051 2937 1116 2982 esre
1138 2919 1168 2978 in
1186 2939 1219 2980 re

121 3032 223 3081 vestra
239 3019 395 3089 auditores,
416 3036 481 3091 nec,
495 3015 565 3095 quia
584 3025 713 3075 vestram
733 3011 972 3094 approbationem
994 3013 1140 3073 orationes
1161 3014 1217 3073 im·

120 3123 283 3192 petrarunt,
305 3111 343 3169 de
362 3109 404 3169 eis
417 3127 470 3169 vos
487 3108 585 3167 rixari.
625 3105 695 3166 Non
715 3104 793 3166 enlm
807 3105 959 3185 quisquam
982 3103 1013 3162 id
1035 3105 1105 3167 vitio
1117 3115 1217 3166 vestm

121 3205 242 3275 tribuet,
254 3203 280 3262 si
293 3203 331 3262 ab
340 3201 457 3260 homine
469 3199 532 3260 sitis
543 3199 698 3276 eloquente
710 3190 918 3258 circumventi:
940 3193 993 3256 aad
1007 3213 1108 3256 eorum
1121 3197 1171 3276 qui
1184 3197 1215 3257 in

123 3295 152 3356 id
164 3313 283 3376 operum
295 3293 449 3365 dederunt,
463 3301 497 3354 ut
509 3309 562 3354 ros
574 3291 605 3352 in
617 3289 749 3350 imudem
762 3287 912 3362 illicerent

617 3443 712 3505 XLV.

159 3567 274 3648 Opinor
290 3585 392 3629 omnes
409 3584 474 3636 vos,
488 3564 697 3632 Athenienses,
717 3561 902 3623 confessuros
923 3579 959 3618 eu
971 3561 1045 3620 velle
1064 3559 1126 3620 fieri
1149 3578 1212 3642 voa,

121 3681 186 3739 quae
211 3659 333 3740 quisque
355 3658 481 3738 Reipub.
500 3656 608 3736 putetis
630 3652 755 3716 maxime
777 3654 936 3733 prolatura.
979 3651 1025 3712 Fit
1048 3661 1144 3738 autem
1168 3661 1211 3726 ut,

122 3753 294 3832 quodfacto
309 3752 347 3812 sit
364 3751 513 3831 optimum,
535 3768 596 3810 non
611 3748 715 3809 eodem
733 3746 822 3808 modo
841 3747 878 3806 ab
895 3743 1031 3804 omnibus
1054 3751 1210 3806 statuatur.

122 3844 185 3906 Nnc
197 3845 276 3905 eninr
293 3853 422 3905 nentrum
442 3843 491 3905 alii
504 3841 662 3905 mancias
674 3860 740 3904 esse
755 3839 908 3912 dicendas,
921 3837 969 3898 alii
983 3855 1045 3897 non
1058 3835 1210 3910 dicendas,

120 3936 338 3999 contenderent.
386 3934 476 4014 Apud
493 3953 545 3996 eos
567 3932 656 4012 igitur
675 3933 788 3995 dicturo
808 3930 858 4010 qni
879 3929 910 3992 id
937 3929 1075 4009 prodesse
1103 3938 1210 4008 putant¹

121 4026 189 4088 nihil
203 4048 278 4109 opus
292 4038 338 4088 est
349 4026 553 4090 verbis—cum
568 4017 631 4100 jani
650 4025 693 4086 eis
713 4041 885 4107 persuasum
906 4022 1001 4082 sit—z
1023 4019 1131 4082 adeon
1155 4038 1209 4090 ιιιι-Ι

122 4131 178 4179 tem
190 4123 240 4202 qui
252 4123 429 4184 contrarium
445 4120 584 4201 expedire
603 4131 727 4183 censent
748 4136 842 4200 pauca
856 4117 961 4180 dicam.
1003 4115 1035 4174 Si
1048 4115 1099 4195 qni
1119 4114 1208 4196 igitur

122 4213 218 4274 audire
230 4213 346 4286 nolunt,
359 4213 389 4274 hi
404 4222 440 4274 ut
450 4231 513 4276 rem
523 4222 704 4292 cognoscant
716 4209 806 4272 nihilo
818 4207 911 4288 magis,
922 4207 982 4268 fieri
995 4215 1103 4288 potent,
1118 4226 1208 4287 quam

121 4303 209 4383 siipsi
221 4317 252 4368 et
266 4317 398 4369 moereot
409 4315 441 4366 et
451 4323 538 4367 namo
554 4304 712 4368 orationem
727 4304 867 4366 haberet:
889 4301 935 4360 sin
950 4299 1108 4374 audieritis,
1118 4299 1206 4365 alter·

123 4406 184 4458 otro
196 4400 274 4463 bono
293 4400 426 4464 frustrari
450 4419 511 4464 noa
523 4397 736 4480 palestinorum
752 4407 802 4463 aut
817 4394 947 4476 persuum
956 4393 1125 4476 .eadernque
1137 4413 1205 4472 sen:
