2967 5017
426 386 428 396 ,
502 327 585 390 ceo
608 327 878 402 reounrrorm.
1176 334 1235 394 err

139 500 210 542 cum
221 481 333 544 bebere
343 482 431 542 istum
445 501 535 561 quem
549 481 706 562 propterea
715 483 851 544 inimicus
864 503 933 546 esse
945 481 1057 558 mallet,
1067 484 1197 564 acceptis
1209 483 1241 547 io

141 574 310 634 universum
325 575 478 654 quinquies
491 574 570 636 mille
583 575 742 648 drechmis,
759 595 828 636 oum
846 576 927 638 huuc
941 575 1022 643 omni
1034 575 1154 636 crimine
1167 576 1240 637 libe·

108 691 112 702 ·
141 668 259 737 raverit,
270 667 433 727 secundum
449 667 478 726 in
493 667 634 728 Minersm
648 667 745 728 eedem
758 650 920 747 iug'ressue,
933 687 1061 740 rursum,
1074 678 1108 727 ut
1126 667 1241 739 ridetis,

142 757 224 820 litem
246 770 356 829 moret,
378 759 515 820 erunibus
537 759 666 839 querelis
684 761 867 822 concinnatis
880 772 913 822 et
924 761 1092 822 criminibus
1108 761 1146 821 ab
1160 757 1241 820 omui

142 851 293 930 superiore
309 861 441 931 tempore
455 853 646 924 coacervatis,
660 851 696 910 iis
715 852 925 932 etism-qnod
938 863 985 912 est
1000 852 1129 912 omnium
1148 850 1242 916 meri·
1345 849 1353 860 ’
1461 904 1462 919 ,

142 961 274 1016 mnm··,
288 963 355 1022 quse
368 943 411 1004 illi
424 961 574 1022 nunquam
588 945 745 1020 objecerat.
778 945 821 1002 Ut
831 944 996 1025 igiturhtec
1010 964 1089 1004 sme
1102 963 1170 1004 sere
1183 943 1241 1006 dici
1322 959 1326 965 “

140 1045 268 1109 constet,
282 1053 356 1117 cape
376 1036 576 1116 cognitionem
596 1037 626 1096 in
650 1055 716 1097 erce
730 1036 851 1110 sectam,
873 1047 906 1098 et
926 1035 1124 1096 testimonium
1138 1055 1239 1115 eorqm

140 1127 193 1206 qui
207 1128 364 1204 affuerunt,
378 1148 445 1190 cum
461 1127 672 1207 Apollodorus,
686 1130 840 1208 pecuniam
860 1125 1240 1208 accipiens„Phormionem

141 1225 277 1285 omnibus
291 1222 459 1284 criminibus
472 1221 618 1282 liberaret.

345 1533 347 1538 Ι
417 1441 630 1506 coourmo.
672 1391 975 1538 rusrruomuu.

139 1589 259 1650 Auditis
282 1588 491 1668 cognitionem,
513 1586 645 1656 ludices,
667 1585 793 1644 aDinia
809 1585 930 1655 factam,
957 1583 1042 1662 cujus
1066 1582 1123 1642 iste
1149 1579 1238 1640 filiam

138 1682 244 1754 habet,
258 1692 289 1741 et
302 1700 321 1738 a
336 1679 423 1739 Nicia
436 1679 483 1737 cui
503 1677 704 1738 sororeuxoris
724 1680 787 1749 ejus
807 1687 900 1755 nupto
912 1683 966 1734 est.
1008 1674 1065 1732 His
1085 1673 1174 1750 igitur
1189 1691 1239 1730 ac·

135 1775 234 1853 ceptis
251 1769 464 1848 transactisque
479 1769 565 1826 rebus
585 1767 730 1837 omuibus,
744 1776 883 1842 tanquam
898 1774 951 1823 out
963 1763 995 1832 hi
1008 1781 1111 1821 omues
1134 1761 1241 1820 mortui
1369 1763 1374 1772 “
1461 1764 1462 1773 ’

134 1875 244 1926 essent
256 1871 308 1923 eut
321 1881 421 1922 verum
435 1859 465 1918 in
478 1859 574 1918 lucem
587 1857 708 1936 proferri
720 1875 780 1915 non
793 1864 903 1934 posset,
913 1853 1029 1914 actione
1041 1863 1086 1913 tot
1097 1851 1240 1912 talentum

136 1956 287 2027 instituta,
301 1955 331 2012 ih
344 1951 488 2031 judicium
506 1949 604 2009 venire
618 1949 717 2007 audet.

179 2051 210 2108 6.
234 2048 282 2106 Ac
301 2065 368 2124 quen
391 2042 558 2103 Phormioni
580 2059 646 2098 cum
670 2037 852 2116 Apollodoro
874 2037 994 2116 negotia
1014 2039 1243 2097 intercesserunt

50 2195 55 2200 .
139 2159 267 2222 qumque
281 2137 360 2197 lactu
373 2136 492 2194 suntab
506 2133 587 2190 initio
602 2129 753 2189 audivistis
766 2129 874 2202 omnia,
887 2129 1098 2189 Athenienses:
1120 2127 1242 2187 arbitror

140 2243 240 2296 autem
261 2227 472 2309 Apollodorum
485 2222 565 2304 quod
582 2221 659 2300 nequi
677 2221 775 2280 dicere
792 2219 867 2280 nihil
881 2221 974 2300 possit
991 2221 1028 2280 de
1043 2221 1157 2280 actione
1175 2239 1240 2293 sue,

139 2327 297 2388 allaturum
312 2339 377 2390 esse
396 2338 440 2388 ee,
455 2336 521 2395 quse
539 2325 569 2374 et
591 2312 670 2392 apud
695 2311 832 2372 arbitrum
854 2313 939 2383 dixit,
961 2313 1079 2372 matri
1100 2311 1239 2371 abhoc

140 2431 372 2502 persuasum
404 2420 446 2469 ut
475 2406 637 2467 tabulas
668 2403 857 2478 aboleret,
878 2403 1025 2482 quihus
1048 2400 1238 2482 perditis

141 2531 214 2572 non
235 2507 376 2568 habere
403 2523 441 2563 se
468 2519 540 2578 quo
562 2509 672 2576 pacto
694 2515 773 2556 eam
794 2516 869 2556 rem
892 2504 1071 2575 oportent
1095 2493 1239 2572 liquido
1368 2517 1374 2532 ¹

88 2635 91 2642 ¹
140 2602 308 2682 coargui.
350 2599 396 2658 De
411 2595 455 2654 his
469 2594 557 2674 igitur
575 2601 606 2650 et
618 2590 675 2650 hoc
690 2589 810 2649 crimine
823 2589 920 2649 videte
934 2607 1044 2667 quaeso,
1058 2583 1174 2665 quentis
1193 2606 1239 2646 nr-

140 2695 289 2780 gumentis
310 2689 443 2754 convinci
463 2682 611 2744 mendacii
630 2692 727 2760 queat.
770 2681 911 2753 Primum,
933 2679 1138 2750 Athenienses,
1159 2678 1239 2756 quisss

139 2810 206 2851 uam
229 2783 435 2869 patrimonium
457 2775 610 2844 divideret,
633 2793 693 2832 non
716 2773 845 2862 acceptis
865 2773 974 2832 tabulis
994 2771 1074 2829 unde
1096 2779 1240 2848 quantum

139 2881 275 2943 relictum
288 2885 368 2938 esset
380 2864 595 2952 cognosceret?
626 2863 723 2924 Nemo
737 2881 808 2922 sene
826 2865 973 2923 omnium:
995 2871 1027 2920 nt
1039 2861 1240 2938 duodeviginti

140 2973 209 3034 anni
231 2981 300 3032 sunt
316 2987 383 3030 oum
402 2960 536 3031 divisisti,
557 2975 651 3036 neque
675 2953 832 3016 ostendere
852 2954 963 3034 poteris
981 2970 1113 3029 unquam
1130 2971 1197 3010 esse
1211 2963 1240 3010 te
1363 2989 1368 2997 ‚

22 3057 26 3064 ¹
139 3072 334 3145 conquestum
347 3059 385 3118 de
398 3054 516 3118 tubulis.
546 3049 672 3122 Deinde,
686 3047 754 3127 quis
767 3065 837 3117 non,
856 3064 924 3105 cum
936 3042 1067 3104 Pasicles
1080 3043 1126 3100 vir
1142 3042 1240 3100 lectus

140 3129 235 3238 ge'st'ae
244 3154 345 3216 tutelse
356 3150 483 3212 rationes
497 3151 673 3224 reposceret,
685 3141 772 3218 siper
784 3157 817 3198 se
831 3135 976 3198 criminari
986 3144 1107 3196 matrem
1117 3131 1154 3192 de
1168 3135 1240 3193 aho-

100 3271 106 3281 ·
139 3251 197 3311 litis
212 3245 321 3310 tubulis
334 3263 395 3304 nou
408 3249 492 3302 esset.
500 3253 599 3306 ausus,
614 3235 641 3292 ei
658 3232 688 3292 id
700 3231 872 3301 indicasset,
884 3241 918 3289 ut
931 3248 983 3307 per
995 3246 1064 3288 eum
1081 3245 1130 3286 res
1140 3225 1239 3305 mam

138 3339 246 3402 bereti
277 3336 423 3415 Denique,
444 3329 549 3412 quibus
577 3322 724 3388 etehulis
745 3321 860 3400 judicie
886 3318 1042 3381 dictabasl
1071 3317 1136 3378 lete
1149 3317 1238 3390 euim,
1327 3311 1331 3324 '

141 3433 242 3494 multis
260 3431 367 3491 civium
389 3427 420 3486 in
439 3425 489 3503 jus
509 3418 633 3490 vocatis,
653 3432 792 3494 magnum
809 3413 965 3493 pecuniam
982 3412 1092 3490 exegit,
1108 3411 1238 3473 scribens

142 3527 168 3586 in
202 3521 375 3591 actionibus,
405 3518 576 3590 damnum
600 3508 693 3570 mihi
722 3506 832 3566 dedit
854 3504 923 3564 ille
946 3523 1017 3572 non
1042 3502 1238 3564 reddendo

143 3627 308 3701 argento,
333 3611 433 3694 quod
467 3611 606 3670 debere
634 3623 714 3664 eum
742 3611 850 3682 peter
877 3598 964 3659 mihi
986 3597 1167 3686 ¹reliquit
1198 3595 1237 3654 in

143 3711 311 3772 tab-ulis:
339 3716 380 3776 et,
395 3704 420 3764 si
438 3701 556 3765 abolitre
579 3699 698 3758 fuerunt
717 3695 836 3766 tsbnlae,
849 3693 956 3773 quihus
973 3710 993 3751 ·e
1007 3687 1239 3767 tabulisjudicit

142 3798 296 3866 dictsbssl
326 3798 386 3859 Sed
400 3796 464 3856 hoec
479 3814 498 3853 a
510 3811 557 3852 me
578 3810 646 3852 rere
665 3787 732 3860 dici,
753 3797 817 3848 tum
838 3807 855 3846 e
873 3786 952 3851 lacta
972 3783 1124 3850 divisione,
1143 3788 1237 3838 tume

143 3887 499 3958 testimoniienudivistis:
521 3884 669 3948 actionum
683 3867 780 3941 lentem
791 3877 905 3940 illarum
917 3876 999 3938 uobis
1013 3871 1179 3936 testimonio
1192 3889 1238 3942 re·

142 3989 318 4050 citabuntur.
361 3982 442 4062 Cape
461 3975 637 4042 testimonie.

558 4181 823 4272 rusrrmomi.

148 4337 181 4395 lu
205 4336 249 4396 his
270 4335 358 4415 igitur
379 4333 544 4394 senonibus
572 4313 720 4411 recepisse'
742 4347 776 4388 se
803 4323 1076 4412 paternas'tnhules
1100 4290 1237 4382 testatore
