2967 5017
251 314 313 372 tit
522 312 746 375 ADVERSUS
770 310 1083 376 NICOSTRATUM.

249 474 398 549 repetere:
418 466 450 529 in
464 468 640 551 syngraphis
647 479 753 533 antem
770 469 923 542 condneri,
936 478 972 529 ut
989 476 1041 531 aut
1052 462 1219 527 iunadiem
1230 462 1350 543 triponi-

250 580 330 623 mum
350 561 496 638 redderet,
516 573 575 625 aut¹
589 564 711 645 duplum
733 564 871 626 deberet:
902 577 997 644 neque
1017 561 1163 644 predium
1181 554 1352 621 hludwini

247 654 373 715 ricinum
387 654 461 716 velle
475 674 651 736 quemquam
665 658 712 719 rel
726 658 875 718 emerevel
886 656 1004 737 pignori
1017 650 1352 735 acciperc,qnodil·e'tet

194 771 198 781 ·
248 746 433 819 Arethusiue,
444 749 662 829 mancipiorum,
674 767 741 829 queo
761 765 842 810 nnnc
860 748 1007 828 descripta
1026 757 1104 818 sunt,
1118 744 1265 816 domium,
1286 760 1351 805 nen

248 848 397 917 pateretur
409 858 584 921 quemqnam
593 841 628 902 id
642 842 799 903 relemete
811 842 860 902 rel
877 841 992 921 pignori
1005 840 1147 919 accipere,
1162 848 1306 917 tanquam
1318 837 1351 897 in

248 950 284 991 eo
296 932 351 993 sibi
363 934 491 1012 pecunia
504 932 656 995 debentur.
685 936 733 995 Tu
744 936 842 1015 igitur,
854 935 958 1013 inquit,
970 934 1001 993 id
1015 930 1258 1010 mihi-suppedita
1266 930 1351 1009 qnod

249 1022 331 1085 deest
349 1036 506 1105 antequem
519 1028 640 1107 triginta
652 1028 715 1087 dies
736 1037 921 1107 preteream,
935 1046 973 1086 ne
986 1034 1018 1086 et
1036 1024 1067 1085 id
1080 1023 1161 1102 quod
1175 1023 1255 1093 dedi,
1266 1023 1352 1084 milla

248 1116 408 1190 drachmoe,
426 1130 537 1198 pereat,
551 1129 582 1180 et
593 1122 656 1201 ipse
670 1122 699 1180 in
714 1121 882 1181 servitutem
896 1119 1034 1180 abducar.
1075 1115 1226 1176 Collectas
1238 1126 1351 1189 antem,

246 1208 352 1287 inquit,
367 1210 583 1291 ubi-collegero,
597 1222 629 1272 et
637 1212 802 1293 hospitibus
815 1212 995 1283 satisfecero,
1007 1210 1061 1271 tibi
1073 1209 1196 1269 reddam
1204 1208 1352 1288 quicquid

248 1302 408 1362 mutuaris:
433 1302 492 1363 scis
507 1312 617 1375 autem,
632 1304 737 1383 inquit,
752 1303 833 1383 leges
851 1303 940 1364 etiam
949 1302 1064 1382 jubere,
1085 1308 1121 1358 nt
1131 1310 1237 1379 capms
1254 1298 1352 1379 eiper

248 1410 336 1471 qnam
350 1394 387 1454 ab
399 1394 533 1455 hostibus
546 1396 788 1477 redemptusest,
802 1395 858 1454 nisi
867 1394 991 1474 pretium
1001 1391 1169 1464 restituerit,
1182 1390 1352 1452 addicatur.

249 1486 325 1547 Haec
335 1506 373 1547 ex
384 1506 498 1547 cocum
508 1487 638 1549 audirem
651 1499 681 1548 et
695 1508 754 1547 uon
763 1487 880 1547 mentiri
891 1498 1034 1566 putarem,
1047 1484 1196 1564 respondi,
1210 1493 1244 1543 ut
1254 1483 1351 1543 benuo

248 1582 422 1643 adolescens
442 1594 472 1643 et
492 1583 651 1656 familiaris,
666 1584 716 1662 qui
730 1583 842 1643 nullam
856 1580 987 1661 injuriam
1001 1588 1157 1650 metueret,
1169 1587 1201 1637 et
1219 1576 1351 1637 antehac
1472 1635 1473 1648 ,

247 1674 376 1735 sincerus
390 1676 443 1736 tibi
457 1676 568 1737 amicus
581 1677 633 1749 lui,
655 1676 834 1748 Nicostrate,
848 1684 880 1735 et
900 1675 932 1733 in
945 1673 1075 1733 adversis
1087 1674 1185 1743 rebus,
1205 1678 1351 1751 qnantum

247 1768 340 1848 potui,
365 1776 393 1829 te
409 1768 492 1849 juri:
513 1770 652 1849 quoniam
672 1778 771 1831 autem
783 1777 875 1828 totam
896 1784 1041 1828 summam
1061 1764 1091 1824 in
1104 1763 1351 1845 praesentianum·

247 1860 317 1921 circi
330 1878 390 1920 non
402 1868 499 1942 potes,
513 1878 610 1941 neque
622 1862 685 1941 ipse
699 1872 873 1941 presentem
885 1861 1040 1938 pecuniam
1053 1859 1159 1930 habeo,
1176 1858 1216 1918 de
1227 1871 1351 1936 pom

247 1950 378 2013 sionibus
402 1952 474 2011 meis
490 1952 540 2010 tibi
556 1952 698 2021 concedo,
713 1961 748 2009 ut
767 1970 973 2030 quamcunque
984 1948 1080 2022 voles,
1091 1948 1283 2028 prosequcd
1295 1947 1348 2007 tibi

244 2044 333 2104 deest
345 2045 530 2122 oppigneres,
545 2052 579 2101 ut
597 2042 760 2121 hospitibus
779 2042 953 2115 satbfncias,
966 2049 998 2100 et
1015 2042 1144 2101 nummis
1164 2041 1238 2101 meis
1250 2042 1281 2100 in
1294 2055 1349 2099 au·

246 2154 317 2195 num
338 2136 402 2195 sine
426 2136 536 2195 foenore
555 2135 662 2203 nterim
685 2152 785 2195 rerum
804 2135 855 2194 ubi
877 2132 1034 2214 pecuniam
1049 2134 1088 2191 de
1106 2132 1240 2194 collectis
1262 2132 1350 2193 rede·

246 2227 332 2308 geris,
346 2229 403 2300 iac,
426 2228 456 2287 id
469 2226 549 2306 quod
563 2227 718 2307 polliceris,
733 2245 829 2287 meam
843 2227 914 2285 mihi
927 2225 1145 2305 possessionem
1157 2235 1193 2283 ut
1207 2224 1349 2285 redimas.
1472 2286 1474 2297 ,

246 2318 302 2381 llis
316 2322 372 2381 iste
394 2320 501 2381 auditis
521 2339 626 2400 meque
641 2320 821 2391 collaudato,
834 2319 877 2379 ita
897 2338 943 2379 me
962 2318 1175 2397 quamprimum
1189 2336 1280 2398 egere
1298 2319 1348 2399 jn·
1472 2305 1474 2371 i

246 2414 344 2483 behet,
358 2414 525 2492 priusquam
539 2412 720 2491 praeterirent
733 2411 809 2483 dies,
821 2412 899 2472 iutra
910 2431 984 2489 quos
1002 2430 1035 2470 se
1048 2410 1172 2489 pretium
1192 2429 1349 2472 numerare
1472 2404 1474 2424 '

117 2546 119 2551 -
244 2515 379 2584 oportere
393 2504 515 2564 dixerat
543 2504 633 2565 AEdes
647 2504 735 2584 igitur
749 2506 903 2565 Arcesauti
917 2503 1108 2563 Pambotadoe
1116 2502 1246 2563 sedecim
1259 2503 1349 2565 minis

245 2596 416 2676 oppignero‚
428 2615 516 2677 quem
530 2597 584 2657 iste
603 2598 666 2678 ipse
680 2599 752 2659 mibi
765 2598 947 2670 conciliarat,
962 2598 1077 2659 octonis
1097 2596 1214 2656 obolis
1205 2616 1235 2655 ιιι
1250 2598 1348 2660 mines

245 2688 277 2747 in
286 2706 405 2749 meuses
418 2688 550 2769 singulos
566 2692 718 2751 mutuanti.

287 2781 316 2841 5
338 2782 469 2861 Accepta
482 2792 580 2843 autem
593 2776 721 2862 pecunia
733 2794 849 2844 tautum
862 2784 964 2844 aberat
982 2792 1017 2842 ut
1037 2780 1107 2841 mihi
1119 2800 1174 2860 pru
1187 2780 1324 2841 collatis
1313 2801 1349 2843 m

246 2894 279 2935 se
292 2874 440 2935 beneficiis
455 2876 557 2955 gratim
571 2874 682 2955 aliquid
695 2876 824 2947 referret,
840 2885 873 2934 ut
893 2874 992 2934 statim
1012 2892 1066 2953 per
1084 2872 1206 2933 insidias
1217 2891 1254 2932 ea
1266 2874 1348 2933 irau-

247 2966 316 3027 dare
331 2986 378 3025 me
392 2967 563 3038 institueret,
577 2977 608 3026 et
621 2966 787 3026 iuimicitias
800 2984 915 3026 mecum
928 2974 1099 3026 exerceret:
1120 2984 1179 3045 quo
1189 2985 1246 3045 ego
1257 2966 1349 3046 inops

247 3059 367 3128 consilii,
382 3070 415 3117 ut
428 3058 601 3119 adolescens
611 3069 641 3116 et
651 3076 747 3117 rerum
762 3057 922 3137 imperitus,
934 3077 1070 3119 nummos
1081 3078 1099 3118 a
1111 3076 1143 3118 ee
1158 3078 1220 3117 non
1232 3068 1349 3138 repete·

245 3169 319 3223 rem,
328 3150 432 3227 quibus
444 3150 528 3209 mdes
541 3150 739 3229 oppigneratee
754 3161 850 3224 eraut,
864 3151 916 3211 sed
929 3150 1137 3212 condonarem.
1162 3153 1208 3212 Ac
1217 3152 1347 3232 primum

247 3240 365 3321 qrridem
379 3260 447 3300 cum
460 3238 632 3301 aduersariis
646 3240 715 3300 mihi
731 3242 899 3322 insidiatur,
920 3256 951 3327 et
964 3244 1052 3303 tidem
1066 3244 1108 3304 eis
1122 3243 1185 3304 dat.
1227 3244 1348 3306 Deinde

246 3350 316 3391 curn
335 3330 405 3389 mihi
425 3331 545 3411 negotia
557 3331 785 3408 lacesserentur,
797 3344 828 3395 et
846 3355 928 3397 meas
945 3336 1083 3408 rationes,
1098 3354 1220 3414 querum
1233 3355 1347 3415 gnarus

244 3432 321 3492 erat,
335 3421 443 3501 prodit,
457 3434 487 3483 et
500 3424 640 3485 exscribit
659 3427 779 3506 publico
797 3438 944 3489 exsortem
961 3429 1100 3489 mulctam
1115 3448 1153 3488 en
1167 3427 1347 3489 evidentium

244 3514 454 3577 constitutione
476 3529 631 3579 sexcentas
652 3531 683 3580 et
705 3520 809 3581 decem
830 3522 998 3593 drachmas,
1014 3522 1124 3602 Lycida
1143 3520 1286 3600 Mylotbri
1307 3523 1346 3605 ¹1².

246 3619 365 3671 causam
390 3620 505 3688 agente.
546 3612 694 3673 Victorem
714 3626 811 3675 autem
835 3626 939 3677 contra
960 3636 1007 3676 me
1031 3617 1149 3675 t'ratrem
1172 3630 1261 3674 surum
1271 3615 1348 3675 Are·

246 3702 374 3765 tlensium
385 3702 525 3775 inscribit,
539 3710 623 3782 cujus
637 3706 702 3767 herc
714 3708 861 3787 mancipia
874 3720 957 3780 sunt,
966 3719 997 3768 et
1010 3708 1098 3768 elium
1112 3707 1270 3787 quendam.
1280 3708 1348 3768 ··1ta

241 3796 323 3857 euim
338 3797 535 3875 separabant,
552 3808 584 3857 ut
598 3799 623 3859 si
637 3818 752 3873 causas,
764 3802 1003 3881 quarumjudicia
1013 3820 1093 3860 eram
1106 3800 1243 3881 adeptus,
1255 3817 1346 3879 agere

245 3890 436 3951 instituissem
449 3902 552 3951 contm
571 3892 759 3963 domesticos,
779 3913 799 3954 a
815 3896 921 3974 quibus
934 3893 1044 3974 injuriis
1055 3894 1211 3966 afficiebar,
1226 3912 1274 3951 me
1291 3892 1346 3953 de-

243 3980 356 4043 terrent
378 3992 410 4042 et
428 3982 458 4041 in
474 4000 619 4045 carcerem
633 3987 821 4065 conjicerent
863 3986 1009 4046 Praeterea
1022 4006 1069 4046 me
1081 3987 1168 4061 injus
1182 4003 1242 4045 non
1257 4004 1345 4046 voca·

245 4082 309 4131 tum
329 4074 431 4135 decem
452 4076 598 4137 drachmis
611 4078 763 4137 mulctarit
777 4078 959 4150 Arethusius,
973 4088 1006 4136 ut
1022 4079 1167 4152 oerarium,
1183 4078 1344 4138 riatonbus

245 4163 397 4243 inscriptis,
412 4177 443 4225 et
455 4168 604 4247 ingressus
618 4168 648 4227 in
661 4170 741 4230 mdes
757 4190 838 4230 meas
854 4189 926 4231 rasa
938 4170 1037 4231 omnia
1048 4171 1079 4230 ri
1092 4171 1265 4251 exportarit,
1275 4190 1344 4250 quse

242 4255 348 4334 viginti
358 4256 499 4318 minarum
506 4264 632 4340 pretium
646 4265 834 4341 superabant,
845 4280 940 4342 neque
950 4262 1106 4342 quicquam
1116 4264 1242 4345 reliquit.
1263 4264 1344 4324 Cum

246 4357 355 4421 antem,
364 4351 486 4428 coguitis
497 4352 620 4425 insidiis,
632 4355 773 4415 nutrcem
785 4356 947 4428 solvisaem,
958 4374 993 4415 ac
1002 4376 1104 4436 poenas
1114 4357 1345 4418 emendandu-

241 4458 351 4516 oersm,
365 4441 507 4505 tiatorem
520 4448 569 4523 qui
584 4466 616 4506 ae
629 4446 699 4507 mihi
713 4449 901 4512 renunciasse
914 4448 1034 4511 dicebat
1051 4450 1238 4511 Arethusinm
1252 4448 1343 4510 laiac
