2967 5017
252 344 299 437 gr
382 357 397 373 «
620 289 668 396 iri
683 335 1027 402 orusrruourum

258 502 327 554 eunt
349 492 519 564 conciones,
532 500 562 552 et
580 490 613 552 in
632 492 728 573 priore
740 493 895 552 recitatum
909 499 956 552 est
967 507 1122 552 commune
1140 487 1285 555 socinum
1303 487 1378 562 ‚dev

259 597 381 667 eretum,
392 585 477 664 cujus
491 603 606 644 summa
618 603 674 662 ego
688 584 785 663 cupite
795 585 920 642 breviter
932 582 1098 662 predicato.
1120 579 1249 640 Primum
1260 580 1374 658 itaque

259 678 450 738 decreverunt
463 687 496 736 ut
505 677 543 737 de
551 695 624 756 pace
633 685 747 736 tanturn
755 674 971 746 consultamus,
982 673 1131 734 societatis
1141 683 1241 732 eutem
1251 691 1374 732 nomen

258 774 470 853 preterierunt,
484 793 544 833 non
556 773 638 853 quod
649 773 732 832 obliti
745 771 861 842 luerint,
875 771 928 830 sed
941 770 1022 848 quod
1036 770 1129 848 ipsam
1146 769 1234 828 etiem
1254 787 1372 846 paceni

259 866 457 926 necessarium
467 868 560 944 megin
578 883 667 944 quem
680 864 835 922 honestam
848 881 914 922 esse
926 863 1137 942 existimarem.
1159 859 1277 920 Deinde
1289 881 1371 940 pru-

155 955 161 968 ’
260 959 342 1020 denti
352 957 481 1020 remedio
495 955 706 1018 Demosthenis
719 955 855 1014 sordibus
864 965 1060 1024 occurrerunt,
1074 963 1164 1031 etque
1173 953 1295 1015 decreto
1311 954 1373 1014 ad·

260 1051 452 1130 scripserunt,
466 1061 499 1110 ut
510 1049 632 1110 cuilibet
644 1049 817 1107 Grecorurn
829 1047 931 1106 liceret
951 1047 1028 1105 intre
1041 1056 1099 1106 tres
1114 1065 1229 1106 menses
1242 1048 1277 1104 in
1290 1065 1370 1106 een·

259 1143 330 1210 dem
343 1144 509 1204 columnam
532 1161 600 1202 eum
620 1140 851 1201 Atheniensibus
872 1139 983 1213 referri,
1003 1139 1164 1216 sedemque
1184 1140 1368 1204 nocumenti

262 1245 294 1297 et
309 1236 455 1296 tndemn
474 1234 682 1307 communione
701 1232 856 1303 contineri,
877 1231 952 1290 duas
973 1250 1021 1290 res
1042 1230 1186 1290 maximus
1205 1251 1242 1288 co
1263 1231 1367 1290 ration

260 1338 330 1388 ente
342 1339 532 1408 occupantes,
554 1328 679 1408 primum
691 1326 811 1407 quidem
826 1327 952 1405 spatium
973 1326 1115 1386 bimestre
1133 1325 1216 1403 qued
1238 1325 1368 1398 Gracc·

262 1439 327 1480 rum
340 1419 534 1500 legationibus
548 1420 710 1480 sausesset
722 1427 922 1496 sumpserunt,
936 1417 1043 1478 ddnde
1052 1415 1223 1476 (trecorum
1232 1419 1368 1476 benere

261 1507 383 1570 lentiam
396 1510 508 1572 civitati
521 1520 630 1570 nostrus
648 1529 708 1569 une
726 1528 795 1569 curn
815 1507 963 1567 communi
979 1504 1102 1568 orecte
1123 1523 1268 1566 eonmssu
1289 1524 1366 1566 eon·

261 1600 409 1674 οἰΙὶατιιηῑ,
429 1611 461 1660 ut
477 1598 591 1660 eiforte
608 1600 786 1663 violarentur
799 1600 921 1672 foedera,
934 1619 989 1659 nos
1004 1617 1100 1678 neque
1116 1598 1172 1658 soli
1190 1615 1289 1675 neque
1308 1597 1367 1658 irn-

260 1695 355 1772 perati
368 1692 478 1754 bellum
498 1712 677 1772 gereremus,
689 1711 757 1770 quse
771 1712 850 1752 nnnc
863 1692 947 1752 nobis
970 1691 1060 1771 culpe
1080 1690 1288 1752 Demosthenis
1312 1709 1369 1750 ec·

260 1784 404 1869 ciderunt.
424 1785 479 1846 Me
492 1795 591 1846 autem
603 1804 674 1846 vera
686 1785 795 1856 dicere,
806 1785 873 1862 ipso
887 1784 1003 1844 decreto
1020 1783 1134 1857 audito,
1143 1782 1337 1863 perdiscetis.

571 1989 806 2062 DECRETUM
829 1939 1058 2051 SOClORllM.

302 2135 354 2194 26.
376 2131 456 2194 Huic
468 2153 516 2196 rne
526 2134 645 2196 decreto
660 2153 811 2194 assensum
826 2151 889 2194 esse
899 2133 1003 2208 fateor,
1013 2133 1129 2204 assensi
1140 2142 1251 2194 suntet
1261 2153 1367 2195 omnes
1469 2183 1470 2190 ,

262 2233 391 2285 oretores
408 2227 462 2304 qui
483 2225 628 2306 inpriore
649 2223 700 2284 illa
719 2227 861 2286 concione
882 2225 972 2286 verba
994 2225 1137 2286 fecerunt.
1168 2226 1222 2312 Ac,
1235 2227 1367 2306 populus

262 2337 327 2378 eum
343 2319 399 2379 hec
413 2319 514 2398 utique
526 2318 664 2399 opinione
678 2317 825 2399 discessit,
840 2337 943 2396 pacem
955 2317 1075 2396 quidem
1090 2317 1218 2378 futurum
1231 2337 1306 2392 erse,
1328 2319 1367 2379 de
1469 2375 1470 2388 ἶ

221 2485 226 2492 ¹
262 2411 405 2469 societate
418 2431 487 2468 vero
500 2421 533 2468 ut
553 2408 721 2468 consultum
739 2419 827 2478 esset,
848 2427 915 2468 cum
926 2407 988 2486 jem
1010 2420 1071 2468 turn
1094 2409 1217 2470 Greecos
1237 2412 1386 2470 adamo.
1469 2415 1470 2446 l

263 2501 434 2570 concitaret,
455 2518 513 2556 non
540 2499 582 2558 ite
602 2497 751 2577 expedire,
774 2497 827 2558 sed
848 2517 912 2558 cern
934 2499 1062 2561 futurem
1082 2503 1275 2562 communiter
1293 2521 1365 2562 cum

264 2589 377 2672 §iroecis
391 2589 545 2650 universis.
581 2589 648 2650 Nox
667 2589 819 2657 interfuit:
846 2591 988 2670 postridie
1008 2593 1039 2650 in
1063 2593 1233 2652 concionem
1254 2613 1364 2656 eonve-

261 2683 369 2744 nimus.
402 2683 477 2742 Tum
495 2703 563 2742 vero
588 2679 804 2740 Demosthenes
826 2693 970 2760 suggestu
991 2693 1146 2762 occupato,
1161 2683 1271 2744 nemini
1293 2687 1365 2764 ali07

260 2796 326 2835 rum
340 2775 457 2836 dicendi
470 2775 538 2834 loco
551 2772 663 2846 relicto,
676 2772 749 2839 nihil
770 2771 928 2852 quicquam
943 2773 1039 2834 siebat
1061 2795 1097 2836 ea
1114 2796 1182 2854 quoe
1200 2775 1264 2836 heri
1284 2777 1363 2838 dice·

261 2877 363 2926 rentur
377 2867 465 2926 verba
478 2865 641 2944 profutura,
661 2863 717 2924 nisi
731 2863 765 2923 iis
781 2863 910 2946 Philippi
929 2865 1020 2944 legati
1034 2867 1253 2941 assentirentur,
1269 2889 1363 2948 neque

262 2957 381 3017 seselis
399 2959 474 3018 scire
493 2955 648 3036 professus
667 2968 714 3016 est
736 2956 883 3036 quomodo
904 2977 962 3036 pax
985 2957 1048 3020 fieri
1068 2959 1163 3038 possit
1183 2962 1296 3042 absque
1316 2982 1363 3024 so·
1435 2967 1439 2976 '

262 3049 379 3111 eistete.
421 3047 492 3110 Non
512 3051 591 3109 enim
617 3059 732 3128 oportet
756 3047 988 3127 inquit—ipsum
1010 3051 1086 3108 enirn
1107 3051 1188 3128 quod
1214 3055 1365 3132 usurpavit

247 3142 382 3200 'verbum
405 3141 545 3204 memoria
567 3151 667 3212 teneo,
690 3150 810 3217 propter
833 3141 1024 3218 asperitatem
1045 3151 1076 3200 et
1091 3143 1153 3220 ejus
1177 3145 1228 3221 qui
1248 3145 1364 3206 dicebat

262 3243 293 3290 et
305 3229 662 3304 vocabuli—disrumpere
677 3229 847 3307 societatem
866 3250 885 3286 a
897 3250 985 3308 psce,
1005 3248 1100 3308 neque
1122 3231 1295 3296 Greecorum
1314 3257 1362 3297 er·

185 3386 192 3392 ,
263 3331 397 3404 spectare
424 3318 656 3384 cunctationem,
684 3311 738 3374 sed
763 3315 811 3374 vel
839 3323 1034 3400 nosmetipsos
1061 3322 1171 3382 bellum
1195 3346 1298 3404 gerere
1317 3328 1363 3389 rel

261 3429 367 3492 pacem
385 3406 519 3490 privatim
533 3404 640 3467 lacere.
658 3401 710 3484 ¹Et
724 3405 857 3480 tandem,
879 3410 1037 3490 Antipatro
1059 3413 1099 3474 ed
1118 3429 1291 3496 suggestum
1311 3421 1362 3480 ed-
1468 3447 1469 3488 ς

262 3498 379 3574 iocata,
392 3498 530 3580 quaedam
546 3515 583 3557 ex
598 3515 634 3555 eo
655 3498 834 3576 requirebat,
844 3521 936 3582 quern
946 3504 1043 3564 multo
1061 3517 1128 3566 ente
1149 3510 1302 3572 certiorem
1322 3513 1362 3572 se·

262 3605 344 3658 cerat
367 3593 438 3676 quid
462 3601 540 3654 esset
561 3601 729 3672 rogaturus,
751 3591 894 3674 simulque
918 3599 1140 3676 praemonuisset
1159 3621 1293 3682 quoensm
1315 3606 1363 3667 ille

263 3689 405 3748 adversus
419 3687 550 3764 rempub.
564 3685 766 3766 responderet.
803 3685 956 3747 Postremo
970 3688 1034 3750 haec
1044 3691 1192 3768 ¹vicerunt,
1212 3716 1278 3756 cum
1297 3699 1364 3758 hinc

263 3780 480 3842 Demosthenes
493 3777 619 3840 dicendo
633 3777 803 3870 adnuisset,
813 3778 893 3840 illinc
905 3779 1088 3842 Philocrates
1099 3781 1284 3863 plebiscitum
1292 3792 1361 3860 scri·

263 3875 394 3954 psisset.

306 3961 534 4024 unianimo
557 3959 636 4040 quod
659 3963 700 4024 eis
722 3965 861 4037 restabat,
883 3976 917 4026 ut
941 3967 1162 4050 Cersoblcptern
1182 3981 1214 4032 et
1233 3972 1361 4038 Threciae

262 4057 331 4118 loca
352 4053 478 4132 Philippo
490 4044 644 4128 dederent,
657 4053 688 4114 id
709 4075 828 4136 quoque
842 4057 985 4138 vigesimo
1004 4062 1107 4141 quinto
1129 4064 1363 4144 Elaphebolionis

265 4150 467 4221 coniecerunt,
480 4147 648 4226 priusquam
668 4149 861 4226 posteriorem
879 4151 959 4214 illem
973 4155 1162 4233 legationem,
1172 4159 1363 4236 jurisjurandi

266 4239 403 4317 exigendi
419 4258 520 4312 cause,
534 4238 751 4300 Demosthenes
766 4241 878 4301 obiret:
900 4264 967 4304 nem
983 4257 1078 4308 vester
1092 4248 1140 4308 ille
1154 4259 1183 4308 et
1197 4250 1361 4313 Alexandro

266 4343 298 4392 ct
307 4330 442 4408 Philippo
454 4331 583 4391 iuicnsus
592 4341 690 4391 orator
700 4333 746 4392 bis
756 4333 872 4412 legetus
881 4336 1089 4424 profectusflest
1099 4339 1129 4397 in
1145 4340 1362 4415 Macedoniam,

267 4443 335 4486 eum
354 4440 393 4480 ne
415 4423 507 4483 semel
526 4420 644 4500 quidem
658 4421 803 4524 proficisci
822 4425 962 4502 licuisset,
983 4429 1008 4490 is
1028 4430 1175 4508 quinunc
1189 4449 1361 4517 consputare
