<?xml version="1.0" encoding="UTF-8"?>
<!DOCTYPE html PUBLIC "-//W3C//DTD XHTML 1.0 Transitional//EN"
    "http://www.w3.org/TR/xhtml1/DTD/xhtml1-transitional.dtd">
<html xmlns="http://www.w3.org/1999/xhtml" xml:lang="en" lang="en">
 <head>
  <title>
</title>
<meta http-equiv="Content-Type" content="text/html;charset=utf-8" />
  <meta name='ocr-system' content='tesseract 3.04.00' />
  <meta name='ocr-capabilities' content='ocr_page ocr_carea ocr_par ocr_line ocrx_word'/>
</head>
<body>
  <div class='ocr_page' id='page_1' title='image "./oratoresatticie00dupogoog_0222.png"; bbox 0 0 2967 5017; ppageno 0'>
   <div class='ocr_carea' id='block_1_1' title="bbox 207 322 983 389">
    <p class='ocr_par' dir='ltr' id='par_1_1' title="bbox 207 322 983 389">
     <span class='ocr_line' id='line_1_1' title="bbox 207 322 983 389; baseline -0.006 -3"><span class='ocrx_word' id='word_1_1' title='bbox 207 330 265 389; x_wconf 69' lang='lat'>728</span> <span class='ocrx_word' id='word_1_2' title='bbox 509 325 721 387; x_wconf 83' lang='lat' dir='ltr'>ADVERSUS</span> <span class='ocrx_word' id='word_1_3' title='bbox 744 322 983 387; x_wconf 72' lang='lat' dir='ltr'>caturcium.</span> 
     </span>
    </p>
   </div>
   <div class='ocr_carea' id='block_1_2' title="bbox 199 470 1296 2483">
    <p class='ocr_par' dir='ltr' id='par_1_2' title="bbox 200 470 1296 2121">
     <span class='ocr_line' id='line_1_2' title="bbox 207 470 1296 560; baseline -0.009 -17"><span class='ocrx_word' id='word_1_4' title='bbox 207 482 360 560; x_wconf 70' lang='lat' dir='ltr'><strong>statimque</strong></span> <span class='ocrx_word' id='word_1_5' title='bbox 381 479 524 559; x_wconf 75' lang='lat' dir='ltr'>indignari</span> <span class='ocrx_word' id='word_1_6' title='bbox 545 492 577 540; x_wconf 89' lang='lat' dir='ltr'>ct</span> <span class='ocrx_word' id='word_1_7' title='bbox 602 480 699 541; x_wconf 79' lang='lat' dir='ltr'>dicere</span> <span class='ocrx_word' id='word_1_8' title='bbox 722 480 760 541; x_wconf 89' lang='lat' dir='ltr'>ad</span> <span class='ocrx_word' id='word_1_9' title='bbox 787 490 908 559; x_wconf 84' lang='lat' dir='ltr'>patrem,</span> <span class='ocrx_word' id='word_1_10' title='bbox 935 476 1049 538; x_wconf 84' lang='lat' dir='ltr'>Tisia</span> <span class='ocrx_word' id='word_1_11' title='bbox 1079 494 1145 535; x_wconf 86' lang='lat' dir='ltr'>cur</span> <span class='ocrx_word' id='word_1_12' title='bbox 1173 470 1296 534; x_wconf 71' lang='lat' dir='ltr'>istud</span> 
     </span>
     <span class='ocr_line' id='line_1_3' title="bbox 207 569 1294 650; baseline -0.008 -17"><span class='ocrx_word' id='word_1_13' title='bbox 207 570 330 633; x_wconf 79' lang='lat' dir='ltr'>faciel</span> <span class='ocrx_word' id='word_1_14' title='bbox 352 572 523 633; x_wconf 87' lang='lat' dir='ltr'>obstruis</span> <span class='ocrx_word' id='word_1_15' title='bbox 548 571 715 633; x_wconf 72' lang='lat' dir='ltr'>fossam?</span> <span class='ocrx_word' id='word_1_16' title='bbox 736 572 815 650; x_wconf 87' lang='lat' dir='ltr'>jam</span> <span class='ocrx_word' id='word_1_17' title='bbox 838 589 937 649; x_wconf 85' lang='lat' dir='ltr'>aqua</span> <span class='ocrx_word' id='word_1_18' title='bbox 958 569 993 628; x_wconf 90' lang='lat' dir='ltr'>in</span> <span class='ocrx_word' id='word_1_19' title='bbox 1011 577 1181 628; x_wconf 89' lang='lat' dir='ltr'>nostrum</span> <span class='ocrx_word' id='word_1_20' title='bbox 1202 582 1294 644; x_wconf 69' lang='lat' dir='ltr'>prn-</span> 
     </span>
     <span class='ocr_line' id='line_1_4' title="bbox 205 657 1294 738; baseline -0.005 -17"><span class='ocrx_word' id='word_1_21' title='bbox 205 663 309 722; x_wconf 86' lang='lat' dir='ltr'><strong>dium</strong></span> <span class='ocrx_word' id='word_1_22' title='bbox 335 661 465 722; x_wconf 87' lang='lat' dir='ltr'>irruit.</span> <span class='ocrx_word' id='word_1_23' title='bbox 506 665 557 738; x_wconf 90' lang='lat' dir='ltr'>Ut,</span> <span class='ocrx_word' id='word_1_24' title='bbox 570 664 595 724; x_wconf 92' lang='lat' dir='ltr'>si</span> <span class='ocrx_word' id='word_1_25' title='bbox 616 665 754 725; x_wconf 72' lang='lat' dir='ltr'>desistere</span> <span class='ocrx_word' id='word_1_26' title='bbox 780 661 929 733; x_wconf 83' lang='lat' dir='ltr'>voluisset,</span> <span class='ocrx_word' id='word_1_27' title='bbox 950 659 1020 721; x_wconf 88' lang='lat' dir='ltr'>nihil</span> <span class='ocrx_word' id='word_1_28' title='bbox 1040 659 1193 719; x_wconf 85' lang='lat' dir='ltr'>molestum</span> <span class='ocrx_word' id='word_1_29' title='bbox 1213 657 1294 716; x_wconf 85' lang='lat' dir='ltr'>inter</span> 
     </span>
     <span class='ocr_line' id='line_1_5' title="bbox 205 751 1295 833; baseline -0.005 -18"><span class='ocrx_word' id='word_1_30' title='bbox 205 753 397 833; x_wconf 78' lang='lat' dir='ltr'>vosmetipsos</span> <span class='ocrx_word' id='word_1_31' title='bbox 409 754 637 827; x_wconf 83' lang='lat' dir='ltr'>intercessisset;</span> <span class='ocrx_word' id='word_1_32' title='bbox 660 758 704 817; x_wconf 89' lang='lat' dir='ltr'>sin</span> <span class='ocrx_word' id='word_1_33' title='bbox 716 756 867 828; x_wconf 79' lang='lat' dir='ltr'><strong>noluisset,</strong></span> <span class='ocrx_word' id='word_1_34' title='bbox 880 774 916 815; x_wconf 89' lang='lat' dir='ltr'>ac</span> <span class='ocrx_word' id='word_1_35' title='bbox 928 753 989 814; x_wconf 87' lang='lat' dir='ltr'>tale</span> <span class='ocrx_word' id='word_1_36' title='bbox 1002 752 1112 832; x_wconf 85' lang='lat' dir='ltr'>aliquid</span> <span class='ocrx_word' id='word_1_37' title='bbox 1124 751 1295 821; x_wconf 85' lang='lat' dir='ltr'>accidisset,</span> 
     </span>
     <span class='ocr_line' id='line_1_6' title="bbox 204 843 1293 926; baseline -0.004 -19"><span class='ocrx_word' id='word_1_38' title='bbox 204 846 327 907; x_wconf 85' lang='lat' dir='ltr'>testibus</span> <span class='ocrx_word' id='word_1_39' title='bbox 349 846 383 907; x_wconf 90' lang='lat' dir='ltr'>iis</span> <span class='ocrx_word' id='word_1_40' title='bbox 407 849 537 926; x_wconf 90' lang='lat' dir='ltr'>quitum</span> <span class='ocrx_word' id='word_1_41' title='bbox 562 848 710 909; x_wconf 81' lang='lat' dir='ltr'>affuissent</span> <span class='ocrx_word' id='word_1_42' title='bbox 730 849 772 908; x_wconf 93' lang='lat' dir='ltr'>uti</span> <span class='ocrx_word' id='word_1_43' title='bbox 794 846 934 907; x_wconf 74' lang='lat' dir='ltr'>licuisset.</span> <span class='ocrx_word' id='word_1_44' title='bbox 974 846 1019 905; x_wconf 81' lang='lat' dir='ltr'>Ac</span> <span class='ocrx_word' id='word_1_45' title='bbox 1039 843 1239 905; x_wconf 83' lang='lat' dir='ltr'>mediusfidius</span> <span class='ocrx_word' id='word_1_46' title='bbox 1260 853 1293 903; x_wconf 85' lang='lat' dir='ltr'>te</span> 
     </span>
     <span class='ocr_line' id='line_1_7' title="bbox 204 934 1293 1019; baseline 0.001 -23"><span class='ocrx_word' id='word_1_47' title='bbox 204 938 357 1001; x_wconf 78' lang='lat' dir='ltr'>ostendere</span> <span class='ocrx_word' id='word_1_48' title='bbox 378 941 507 1019; x_wconf 88' lang='lat' dir='ltr'>oportuit</span> <span class='ocrx_word' id='word_1_49' title='bbox 527 940 658 1001; x_wconf 88' lang='lat' dir='ltr'>omnibus</span> <span class='ocrx_word' id='word_1_50' title='bbox 679 940 842 1001; x_wconf 89' lang='lat' dir='ltr'>hominibus</span> <span class='ocrx_word' id='word_1_51' title='bbox 856 957 921 999; x_wconf 88' lang='lat' dir='ltr'>esse</span> <span class='ocrx_word' id='word_1_52' title='bbox 937 938 1056 1009; x_wconf 81' lang='lat' dir='ltr'>fossam,</span> <span class='ocrx_word' id='word_1_53' title='bbox 1070 946 1104 995; x_wconf 88' lang='lat' dir='ltr'>ut</span> <span class='ocrx_word' id='word_1_54' title='bbox 1122 956 1182 997; x_wconf 94' lang='lat' dir='ltr'>non</span> <span class='ocrx_word' id='word_1_55' title='bbox 1194 934 1293 997; x_wconf 81' lang='lat' dir='ltr'>serbis</span> 
     </span>
     <span class='ocr_line' id='line_1_8' title="bbox 202 1029 1293 1113; baseline -0.003 -24"><span class='ocrx_word' id='word_1_56' title='bbox 202 1040 326 1101; x_wconf 84' lang='lat' dir='ltr'>tantum,</span> <span class='ocrx_word' id='word_1_57' title='bbox 340 1041 374 1091; x_wconf 90' lang='lat' dir='ltr'>ut</span> <span class='ocrx_word' id='word_1_58' title='bbox 386 1052 476 1104; x_wconf 89' lang='lat' dir='ltr'>nunc,</span> <span class='ocrx_word' id='word_1_59' title='bbox 488 1033 539 1093; x_wconf 88' lang='lat' dir='ltr'>sed</span> <span class='ocrx_word' id='word_1_60' title='bbox 555 1032 661 1111; x_wconf 86' lang='lat' dir='ltr'>reipsa,</span> <span class='ocrx_word' id='word_1_61' title='bbox 680 1042 790 1113; x_wconf 86' lang='lat' dir='ltr'>patrem</span> <span class='ocrx_word' id='word_1_62' title='bbox 808 1030 918 1112; x_wconf 61' lang='lat' dir='ltr'>huone</span> <span class='ocrx_word' id='word_1_63' title='bbox 936 1029 1133 1090; x_wconf 82' lang='lat' dir='ltr'>convincerer.</span> <span class='ocrx_word' id='word_1_64' title='bbox 1174 1029 1293 1087; x_wconf 84' lang='lat' dir='ltr'>Horum</span> 
     </span>
     <span class='ocr_line' id='line_1_9' title="bbox 203 1119 1292 1203; baseline -0.003 -22"><span class='ocrx_word' id='word_1_65' title='bbox 203 1133 301 1183; x_wconf 83' lang='lat' dir='ltr'>autam</span> <span class='ocrx_word' id='word_1_66' title='bbox 325 1124 398 1183; x_wconf 88' lang='lat' dir='ltr'>nihil</span> <span class='ocrx_word' id='word_1_67' title='bbox 418 1124 569 1203; x_wconf 87' lang='lat' dir='ltr'>quisquam</span> <span class='ocrx_word' id='word_1_68' title='bbox 591 1134 716 1184; x_wconf 84' lang='lat' dir='ltr'>vestrum</span> <span class='ocrx_word' id='word_1_69' title='bbox 737 1144 862 1203; x_wconf 85' lang='lat' dir='ltr'>unquam</span> <span class='ocrx_word' id='word_1_70' title='bbox 883 1131 1020 1203; x_wconf 79' lang='lat' dir='ltr'>prestare</span> <span class='ocrx_word' id='word_1_71' title='bbox 1037 1120 1144 1180; x_wconf 72' lang='lat' dir='ltr'>soluit.</span> <span class='ocrx_word' id='word_1_72' title='bbox 1184 1119 1292 1197; x_wconf 84' lang='lat' dir='ltr'>Neque</span> 
     </span>
     <span class='ocr_line' id='line_1_10' title="bbox 202 1210 1292 1291; baseline -0.004 -18"><span class='ocrx_word' id='word_1_73' title='bbox 202 1214 278 1273; x_wconf 87' lang='lat' dir='ltr'>enirn</span> <span class='ocrx_word' id='word_1_74' title='bbox 294 1217 454 1289; x_wconf 81' lang='lat' dir='ltr'>absentem,</span> <span class='ocrx_word' id='word_1_75' title='bbox 468 1227 501 1276; x_wconf 93' lang='lat' dir='ltr'>ut</span> <span class='ocrx_word' id='word_1_76' title='bbox 514 1236 559 1277; x_wconf 90' lang='lat' dir='ltr'>me</span> <span class='ocrx_word' id='word_1_77' title='bbox 574 1237 662 1289; x_wconf 90' lang='lat' dir='ltr'>nunc,</span> <span class='ocrx_word' id='word_1_78' title='bbox 676 1216 878 1287; x_wconf 83' lang='lat' dir='ltr'>damnassetis,</span> <span class='ocrx_word' id='word_1_79' title='bbox 899 1234 993 1291; x_wconf 90' lang='lat' dir='ltr'>neque</span> <span class='ocrx_word' id='word_1_80' title='bbox 1014 1211 1167 1271; x_wconf 85' lang='lat' dir='ltr'>columniis</span> <span class='ocrx_word' id='word_1_81' title='bbox 1184 1210 1292 1270; x_wconf 85' lang='lat' dir='ltr'>vestris</span> 
     </span>
     <span class='ocr_line' id='line_1_11' title="bbox 201 1304 1291 1387; baseline -0.006 -22"><span class='ocrx_word' id='word_1_82' title='bbox 201 1306 357 1385; x_wconf 90' lang='lat' dir='ltr'>quicquam</span> <span class='ocrx_word' id='word_1_83' title='bbox 373 1310 584 1387; x_wconf 84' lang='lat' dir='ltr'>profecissetis:</span> <span class='ocrx_word' id='word_1_84' title='bbox 607 1310 658 1369; x_wconf 92' lang='lat' dir='ltr'>sed</span> <span class='ocrx_word' id='word_1_85' title='bbox 673 1310 697 1369; x_wconf 91' lang='lat' dir='ltr'>si</span> <span class='ocrx_word' id='word_1_86' title='bbox 716 1319 776 1368; x_wconf 86' lang='lat' dir='ltr'>tum</span> <span class='ocrx_word' id='word_1_87' title='bbox 788 1318 889 1368; x_wconf 89' lang='lat' dir='ltr'>testem</span> <span class='ocrx_word' id='word_1_88' title='bbox 901 1304 1093 1365; x_wconf 83' lang='lat' dir='ltr'>adduxissetis</span> <span class='ocrx_word' id='word_1_89' title='bbox 1108 1322 1197 1382; x_wconf 88' lang='lat' dir='ltr'>eoque</span> <span class='ocrx_word' id='word_1_90' title='bbox 1208 1322 1291 1379; x_wconf 76' lang='lat' dir='ltr'>prae-</span> 
     </span>
     <span class='ocr_line' id='line_1_12' title="bbox 201 1394 1291 1480; baseline -0.005 -23"><span class='ocrx_word' id='word_1_91' title='bbox 201 1411 284 1459; x_wconf 88' lang='lat' dir='ltr'>sente</span> <span class='ocrx_word' id='word_1_92' title='bbox 298 1400 517 1474; x_wconf 84' lang='lat' dir='ltr'>reclamassetis,</span> <span class='ocrx_word' id='word_1_93' title='bbox 532 1402 578 1459; x_wconf 95' lang='lat' dir='ltr'>ille</span> <span class='ocrx_word' id='word_1_94' title='bbox 594 1412 624 1460; x_wconf 91' lang='lat' dir='ltr'>ut</span> <span class='ocrx_word' id='word_1_95' title='bbox 637 1403 687 1480; x_wconf 92' lang='lat' dir='ltr'>qui</span> <span class='ocrx_word' id='word_1_96' title='bbox 700 1420 761 1460; x_wconf 88' lang='lat' dir='ltr'>rem</span> <span class='ocrx_word' id='word_1_97' title='bbox 775 1410 952 1479; x_wconf 80' lang='lat' dir='ltr'>compertam</span> <span class='ocrx_word' id='word_1_98' title='bbox 966 1398 1097 1467; x_wconf 84' lang='lat' dir='ltr'>haberet,</span> <span class='ocrx_word' id='word_1_99' title='bbox 1109 1396 1210 1453; x_wconf 90' lang='lat' dir='ltr'>horum</span> <span class='ocrx_word' id='word_1_100' title='bbox 1225 1394 1291 1452; x_wconf 88' lang='lat' dir='ltr'>sin-</span> 
     </span>
     <span class='ocr_line' id='line_1_13' title="bbox 201 1488 1290 1569; baseline -0.004 -20"><span class='ocrx_word' id='word_1_101' title='bbox 201 1491 277 1569; x_wconf 79' lang='lat' dir='ltr'>gulis</span> <span class='ocrx_word' id='word_1_102' title='bbox 291 1493 331 1553; x_wconf 85' lang='lat' dir='ltr'>ite</span> <span class='ocrx_word' id='word_1_103' title='bbox 350 1496 393 1553; x_wconf 89' lang='lat' dir='ltr'>uti</span> <span class='ocrx_word' id='word_1_104' title='bbox 415 1506 483 1554; x_wconf 90' lang='lat' dir='ltr'>sunt</span> <span class='ocrx_word' id='word_1_105' title='bbox 503 1494 665 1565; x_wconf 87' lang='lat' dir='ltr'>declaratis,</span> <span class='ocrx_word' id='word_1_106' title='bbox 680 1494 766 1553; x_wconf 83' lang='lat' dir='ltr'>facile</span> <span class='ocrx_word' id='word_1_107' title='bbox 789 1492 981 1553; x_wconf 75' lang='lat' dir='ltr'>mercenarios</span> <span class='ocrx_word' id='word_1_108' title='bbox 1002 1498 1094 1549; x_wconf 85' lang='lat' dir='ltr'>testes</span> <span class='ocrx_word' id='word_1_109' title='bbox 1118 1488 1290 1548; x_wconf 71' lang='lat' dir='ltr'>refutasset.</span> 
     </span>
     <span class='ocr_line' id='line_1_14' title="bbox 202 1581 1289 1668; baseline -0.004 -26"><span class='ocrx_word' id='word_1_110' title='bbox 202 1582 265 1643; x_wconf 87' lang='lat' dir='ltr'>Vos</span> <span class='ocrx_word' id='word_1_111' title='bbox 279 1593 376 1643; x_wconf 70' lang='lat' dir='ltr'>summ</span> <span class='ocrx_word' id='word_1_112' title='bbox 395 1605 450 1657; x_wconf 89' lang='lat' dir='ltr'>rne,</span> <span class='ocrx_word' id='word_1_113' title='bbox 465 1586 597 1647; x_wconf 88' lang='lat' dir='ltr'>nimirum</span> <span class='ocrx_word' id='word_1_114' title='bbox 617 1585 834 1668; x_wconf 36' lang='lat' dir='ltr'>hominem&#39;hac</span> <span class='ocrx_word' id='word_1_115' title='bbox 852 1594 941 1645; x_wconf 81' lang='lat' dir='ltr'>oetete</span> <span class='ocrx_word' id='word_1_116' title='bbox 953 1595 984 1643; x_wconf 90' lang='lat' dir='ltr'>et</span> <span class='ocrx_word' id='word_1_117' title='bbox 997 1601 1095 1644; x_wconf 86' lang='lat' dir='ltr'>rerum</span> <span class='ocrx_word' id='word_1_118' title='bbox 1110 1581 1289 1659; x_wconf 90' lang='lat' dir='ltr'>imperitum,</span> 
     </span>
     <span class='ocr_line' id='line_1_15' title="bbox 200 1672 1287 1758; baseline -0.004 -23"><span class='ocrx_word' id='word_1_119' title='bbox 200 1694 302 1736; x_wconf 88' lang='lat' dir='ltr'>omnes</span> <span class='ocrx_word' id='word_1_120' title='bbox 315 1679 536 1758; x_wconf 82' lang='lat' dir='ltr'>contempsistis.</span> <span class='ocrx_word' id='word_1_121' title='bbox 578 1681 686 1739; x_wconf 87' lang='lat' dir='ltr'>Verum</span> <span class='ocrx_word' id='word_1_122' title='bbox 696 1698 753 1758; x_wconf 89' lang='lat' dir='ltr'>ego</span> <span class='ocrx_word' id='word_1_123' title='bbox 763 1689 863 1739; x_wconf 75' lang='lat' dir='ltr'>canna</span> <span class='ocrx_word' id='word_1_124' title='bbox 876 1678 1070 1747; x_wconf 80' lang='lat' dir='ltr'>istoscinnes,</span> <span class='ocrx_word' id='word_1_125' title='bbox 1082 1672 1287 1742; x_wconf 81' lang='lat' dir='ltr'>Athenienses,</span> 
     </span>
     <span class='ocr_line' id='line_1_16' title="bbox 200 1765 1290 1849; baseline -0.004 -22"><span class='ocrx_word' id='word_1_126' title='bbox 200 1768 330 1848; x_wconf 90' lang='lat' dir='ltr'>ipsorum</span> <span class='ocrx_word' id='word_1_127' title='bbox 343 1772 421 1830; x_wconf 84' lang='lat' dir='ltr'>facta</span> <span class='ocrx_word' id='word_1_128' title='bbox 433 1790 499 1849; x_wconf 84' lang='lat' dir='ltr'>quse</span> <span class='ocrx_word' id='word_1_129' title='bbox 514 1772 675 1832; x_wconf 86' lang='lat' dir='ltr'>finnissims</span> <span class='ocrx_word' id='word_1_130' title='bbox 688 1771 852 1832; x_wconf 87' lang='lat' dir='ltr'>testimonia</span> <span class='ocrx_word' id='word_1_131' title='bbox 861 1780 932 1829; x_wconf 88' lang='lat' dir='ltr'>sunt</span> <span class='ocrx_word' id='word_1_132' title='bbox 944 1767 1097 1828; x_wconf 79' lang='lat' dir='ltr'>exhibebo.</span> <span class='ocrx_word' id='word_1_133' title='bbox 1140 1766 1200 1823; x_wconf 87' lang='lat' dir='ltr'>Cur</span> <span class='ocrx_word' id='word_1_134' title='bbox 1209 1765 1290 1823; x_wconf 89' lang='lat' dir='ltr'>enim</span> 
     </span>
     <span class='ocr_line' id='line_1_17' title="bbox 202 1855 1290 1940; baseline -0.003 -22"><span class='ocrx_word' id='word_1_135' title='bbox 202 1878 288 1919; x_wconf 89' lang='lat' dir='ltr'>nemo</span> <span class='ocrx_word' id='word_1_136' title='bbox 301 1880 402 1919; x_wconf 89' lang='lat' dir='ltr'>eorum</span> <span class='ocrx_word' id='word_1_137' title='bbox 412 1862 458 1921; x_wconf 89' lang='lat' dir='ltr'>vel</span> <span class='ocrx_word' id='word_1_138' title='bbox 472 1864 644 1923; x_wconf 87' lang='lat' dir='ltr'>testificatus</span> <span class='ocrx_word' id='word_1_139' title='bbox 659 1863 704 1923; x_wconf 90' lang='lat' dir='ltr'>vel</span> <span class='ocrx_word' id='word_1_140' title='bbox 718 1870 896 1940; x_wconf 87' lang='lat' dir='ltr'>conquestus</span> <span class='ocrx_word' id='word_1_141' title='bbox 909 1870 965 1931; x_wconf 87' lang='lat' dir='ltr'>est,</span> <span class='ocrx_word' id='word_1_142' title='bbox 977 1860 1034 1919; x_wconf 89' lang='lat' dir='ltr'>imo</span> <span class='ocrx_word' id='word_1_143' title='bbox 1045 1877 1095 1916; x_wconf 88' lang='lat' dir='ltr'>cur</span> <span class='ocrx_word' id='word_1_144' title='bbox 1106 1855 1217 1915; x_wconf 87' lang='lat' dir='ltr'>nullum</span> <span class='ocrx_word' id='word_1_145' title='bbox 1231 1876 1290 1915; x_wconf 92' lang='lat' dir='ltr'>un-</span> 
     </span>
     <span class='ocr_line' id='line_1_18' title="bbox 200 1948 1290 2029; baseline -0.004 -18"><span class='ocrx_word' id='word_1_146' title='bbox 200 1970 287 2029; x_wconf 83' lang='lat' dir='ltr'>quam</span> <span class='ocrx_word' id='word_1_147' title='bbox 298 1953 418 2013; x_wconf 83' lang='lat' dir='ltr'>verbum</span> <span class='ocrx_word' id='word_1_148' title='bbox 430 1954 571 2027; x_wconf 82' lang='lat' dir='ltr'>fecerunt,</span> <span class='ocrx_word' id='word_1_149' title='bbox 584 1974 636 2013; x_wconf 87' lang='lat' dir='ltr'>cur</span> <span class='ocrx_word' id='word_1_150' title='bbox 650 1955 720 2013; x_wconf 87' lang='lat' dir='ltr'>satis</span> <span class='ocrx_word' id='word_1_151' title='bbox 734 1954 899 2013; x_wconf 90' lang='lat' dir='ltr'>habuerunt</span> <span class='ocrx_word' id='word_1_152' title='bbox 909 1970 960 2010; x_wconf 88' lang='lat' dir='ltr'>eas</span> <span class='ocrx_word' id='word_1_153' title='bbox 973 1950 1092 2028; x_wconf 84' lang='lat' dir='ltr'>injurios</span> <span class='ocrx_word' id='word_1_154' title='bbox 1109 1948 1212 2028; x_wconf 88' lang='lat' dir='ltr'>quibus</span> <span class='ocrx_word' id='word_1_155' title='bbox 1224 1948 1290 2007; x_wconf 83' lang='lat' dir='ltr'>affi-</span> 
     </span>
     <span class='ocr_line' id='line_1_19' title="bbox 201 2043 518 2121; baseline 0 -18"><span class='ocrx_word' id='word_1_156' title='bbox 201 2052 336 2103; x_wconf 88' lang='lat' dir='ltr'>cerentur</span> <span class='ocrx_word' id='word_1_157' title='bbox 348 2043 518 2121; x_wconf 71' lang='lat' dir='ltr'>negligeret</span> 
     </span>
    </p>

    <p class='ocr_par' dir='ltr' id='par_1_3' title="bbox 199 2130 1291 2483">
     <span class='ocr_line' id='line_1_20' title="bbox 241 2130 1291 2213; baseline -0.002 -21"><span class='ocrx_word' id='word_1_158' title='bbox 241 2135 270 2192; x_wconf 84' lang='grc'>3.</span> <span class='ocrx_word' id='word_1_159' title='bbox 284 2133 332 2191; x_wconf 89' lang='lat' dir='ltr'>Ad</span> <span class='ocrx_word' id='word_1_160' title='bbox 346 2134 465 2193; x_wconf 89' lang='lat' dir='ltr'>istorum</span> <span class='ocrx_word' id='word_1_161' title='bbox 476 2134 563 2213; x_wconf 81' lang='lat' dir='ltr'>igitur</span> <span class='ocrx_word' id='word_1_162' title='bbox 576 2135 790 2195; x_wconf 81' lang='lat' dir='ltr'>accusationem</span> <span class='ocrx_word' id='word_1_163' title='bbox 800 2133 985 2194; x_wconf 76' lang='lat' dir='ltr'>refutandam</span> <span class='ocrx_word' id='word_1_164' title='bbox 998 2133 1046 2193; x_wconf 80' lang='lat' dir='ltr'>rel</span> <span class='ocrx_word' id='word_1_165' title='bbox 1059 2131 1124 2193; x_wconf 79' lang='lat' dir='ltr'>hec</span> <span class='ocrx_word' id='word_1_166' title='bbox 1139 2130 1209 2192; x_wconf 89' lang='lat' dir='ltr'>satis</span> <span class='ocrx_word' id='word_1_167' title='bbox 1222 2150 1291 2191; x_wconf 88' lang='lat' dir='ltr'>esse</span> 
     </span>
     <span class='ocr_line' id='line_1_21' title="bbox 200 2224 1291 2303; baseline 0 -20"><span class='ocrx_word' id='word_1_168' title='bbox 200 2224 294 2283; x_wconf 87' lang='lat' dir='ltr'>multo</span> <span class='ocrx_word' id='word_1_169' title='bbox 313 2224 451 2285; x_wconf 87' lang='lat' dir='ltr'>arbitror:</span> <span class='ocrx_word' id='word_1_170' title='bbox 472 2236 504 2293; x_wconf 88' lang='lat' dir='ltr'>ut</span> <span class='ocrx_word' id='word_1_171' title='bbox 525 2238 622 2287; x_wconf 86' lang='lat' dir='ltr'>autem</span> <span class='ocrx_word' id='word_1_172' title='bbox 643 2227 751 2299; x_wconf 90' lang='lat' dir='ltr'>sciatis,</span> <span class='ocrx_word' id='word_1_173' title='bbox 766 2227 968 2299; x_wconf 82' lang='lat' dir='ltr'>Athenienses,</span> <span class='ocrx_word' id='word_1_174' title='bbox 983 2226 1020 2285; x_wconf 90' lang='lat' dir='ltr'>de</span> <span class='ocrx_word' id='word_1_175' title='bbox 1040 2226 1105 2284; x_wconf 88' lang='lat' dir='ltr'>aliis</span> <span class='ocrx_word' id='word_1_176' title='bbox 1125 2225 1222 2294; x_wconf 69' lang='lat' dir='ltr'>eham,</span> <span class='ocrx_word' id='word_1_177' title='bbox 1236 2244 1291 2303; x_wconf 88' lang='lat' dir='ltr'>pa·</span> 
     </span>
     <span class='ocr_line' id='line_1_22' title="bbox 199 2318 1289 2400; baseline -0.001 -25"><span class='ocrx_word' id='word_1_178' title='bbox 199 2325 273 2376; x_wconf 87' lang='lat' dir='ltr'>trem</span> <span class='ocrx_word' id='word_1_179' title='bbox 283 2336 336 2377; x_wconf 91' lang='lat' dir='ltr'>nec</span> <span class='ocrx_word' id='word_1_180' title='bbox 351 2318 490 2397; x_wconf 85' lang='lat' dir='ltr'>sepiendo</span> <span class='ocrx_word' id='word_1_181' title='bbox 500 2318 592 2379; x_wconf 84' lang='lat' dir='ltr'>fundo</span> <span class='ocrx_word' id='word_1_182' title='bbox 605 2320 761 2398; x_wconf 86' lang='lat' dir='ltr'>quicquam</span> <span class='ocrx_word' id='word_1_183' title='bbox 775 2338 925 2400; x_wconf 86' lang='lat' dir='ltr'>peccasse,</span> <span class='ocrx_word' id='word_1_184' title='bbox 940 2330 970 2377; x_wconf 92' lang='lat' dir='ltr'>et</span> <span class='ocrx_word' id='word_1_185' title='bbox 979 2319 1050 2377; x_wconf 88' lang='lat' dir='ltr'>istos</span> <span class='ocrx_word' id='word_1_186' title='bbox 1064 2318 1162 2376; x_wconf 83' lang='lat' dir='ltr'>omnio</span> <span class='ocrx_word' id='word_1_187' title='bbox 1174 2318 1289 2377; x_wconf 85' lang='lat' dir='ltr'>sslsoin</span> 
     </span>
     <span class='ocr_line' id='line_1_23' title="bbox 200 2410 1287 2483; baseline -0.001 -14"><span class='ocrx_word' id='word_1_188' title='bbox 200 2430 254 2472; x_wconf 89' lang='lat' dir='ltr'>nos</span> <span class='ocrx_word' id='word_1_189' title='bbox 264 2411 383 2483; x_wconf 84' lang='lat' dir='ltr'>dixisse,</span> <span class='ocrx_word' id='word_1_190' title='bbox 398 2410 553 2472; x_wconf 86' lang='lat' dir='ltr'>dilucidius</span> <span class='ocrx_word' id='word_1_191' title='bbox 563 2432 615 2472; x_wconf 85' lang='lat' dir='ltr'>vos</span> <span class='ocrx_word' id='word_1_192' title='bbox 631 2412 753 2473; x_wconf 89' lang='lat' dir='ltr'>edocere</span> <span class='ocrx_word' id='word_1_193' title='bbox 767 2414 905 2472; x_wconf 88' lang='lat' dir='ltr'>conabor.</span> <span class='ocrx_word' id='word_1_194' title='bbox 927 2411 1061 2471; x_wconf 88' lang='lat' dir='ltr'>Fundum</span> <span class='ocrx_word' id='word_1_195' title='bbox 1075 2420 1206 2469; x_wconf 88' lang='lat' dir='ltr'>nostrum</span> <span class='ocrx_word' id='word_1_196' title='bbox 1219 2430 1287 2469; x_wconf 84' lang='lat' dir='ltr'>esse</span> 
     </span>
    </p>
   </div>
   <div class='ocr_carea' id='block_1_3' title="bbox 68 2502 1290 2584">
    <p class='ocr_par' dir='ltr' id='par_1_4' title="bbox 68 2502 1290 2584">
     <span class='ocr_line' id='line_1_24' title="bbox 68 2502 1290 2584; baseline -0.002 -21"><span class='ocrx_word' id='word_1_197' title='bbox 68 2556 69 2563; x_wconf 72' lang='grc'>,</span> <span class='ocrx_word' id='word_1_198' title='bbox 97 2560 100 2568; x_wconf 55' lang='lat'>.</span> <span class='ocrx_word' id='word_1_199' title='bbox 199 2502 344 2582; x_wconf 89' lang='lat' dir='ltr'>proprium</span> <span class='ocrx_word' id='word_1_200' title='bbox 359 2504 404 2563; x_wconf 87' lang='lat' dir='ltr'>isti</span> <span class='ocrx_word' id='word_1_201' title='bbox 417 2504 505 2565; x_wconf 86' lang='lat' dir='ltr'>etiam</span> <span class='ocrx_word' id='word_1_202' title='bbox 524 2504 716 2564; x_wconf 88' lang='lat' dir='ltr'>confitentur:</span> <span class='ocrx_word' id='word_1_203' title='bbox 737 2505 817 2584; x_wconf 89' lang='lat' dir='ltr'>quod</span> <span class='ocrx_word' id='word_1_204' title='bbox 831 2524 897 2565; x_wconf 90' lang='lat' dir='ltr'>cnm</span> <span class='ocrx_word' id='word_1_205' title='bbox 911 2504 951 2564; x_wconf 82' lang='lat' dir='ltr'>ite</span> <span class='ocrx_word' id='word_1_206' title='bbox 963 2503 1010 2574; x_wconf 90' lang='lat' dir='ltr'>sit,</span> <span class='ocrx_word' id='word_1_207' title='bbox 1025 2503 1229 2573; x_wconf 86' lang='lat' dir='ltr'>Athenienses,</span> <span class='ocrx_word' id='word_1_208' title='bbox 1242 2502 1290 2561; x_wconf 89' lang='lat' dir='ltr'>in-</span> 
     </span>
    </p>
   </div>
   <div class='ocr_carea' id='block_1_4' title="bbox 127 2594 1300 4431">
    <p class='ocr_par' dir='ltr' id='par_1_5' title="bbox 127 2594 1300 3960">
     <span class='ocr_line' id='line_1_25' title="bbox 199 2594 1290 2675; baseline -0.001 -22"><span class='ocrx_word' id='word_1_209' title='bbox 199 2603 299 2675; x_wconf 88' lang='lat' dir='ltr'>specto</span> <span class='ocrx_word' id='word_1_210' title='bbox 312 2594 402 2657; x_wconf 87' lang='lat' dir='ltr'>fundo</span> <span class='ocrx_word' id='word_1_211' title='bbox 419 2595 600 2675; x_wconf 86' lang='lat' dir='ltr'>potissimum</span> <span class='ocrx_word' id='word_1_212' title='bbox 615 2598 770 2657; x_wconf 88' lang='lat' dir='ltr'>cerneretis</span> <span class='ocrx_word' id='word_1_213' title='bbox 784 2596 959 2657; x_wconf 82' lang='lat' dir='ltr'>calumniam</span> <span class='ocrx_word' id='word_1_214' title='bbox 972 2595 1053 2655; x_wconf 88' lang='lat' dir='ltr'>-mihi</span> <span class='ocrx_word' id='word_1_215' title='bbox 1068 2596 1139 2654; x_wconf 89' lang='lat' dir='ltr'>fieri.</span> <span class='ocrx_word' id='word_1_216' title='bbox 1175 2596 1290 2662; x_wconf 86' lang='lat' dir='ltr'>Quam·</span> 
     </span>
     <span class='ocr_line' id='line_1_26' title="bbox 199 2682 1292 2769; baseline 0 -24"><span class='ocrx_word' id='word_1_217' title='bbox 199 2682 299 2747; x_wconf 89' lang='lat' dir='ltr'>obrem</span> <span class='ocrx_word' id='word_1_218' title='bbox 313 2687 400 2747; x_wconf 88' lang='lat' dir='ltr'>etiam</span> <span class='ocrx_word' id='word_1_219' title='bbox 413 2707 469 2767; x_wconf 85' lang='lat' dir='ltr'>ego</span> <span class='ocrx_word' id='word_1_220' title='bbox 485 2689 599 2749; x_wconf 88' lang='lat' dir='ltr'>arbitris</span> <span class='ocrx_word' id='word_1_221' title='bbox 621 2690 712 2769; x_wconf 82' lang='lat' dir='ltr'>requio</span> <span class='ocrx_word' id='word_1_222' title='bbox 733 2709 794 2749; x_wconf 89' lang='lat' dir='ltr'>rem</span> <span class='ocrx_word' id='word_1_223' title='bbox 813 2687 979 2769; x_wconf 85' lang='lat' dir='ltr'>permittere</span> <span class='ocrx_word' id='word_1_224' title='bbox 994 2686 1088 2755; x_wconf 60' lang='lat' dir='ltr'>volun</span> <span class='ocrx_word' id='word_1_225' title='bbox 1104 2706 1175 2746; x_wconf 42' lang='lat' dir='ltr'>noo.</span> <span class='ocrx_word' id='word_1_226' title='bbox 1186 2686 1243 2759; x_wconf 86' lang='lat' dir='ltr'>isti,</span> <span class='ocrx_word' id='word_1_227' title='bbox 1256 2699 1292 2745; x_wconf 88' lang='lat' dir='ltr'>ut</span> 
     </span>
     <span class='ocr_line' id='line_1_27' title="bbox 200 2779 1290 2861; baseline 0.001 -23"><span class='ocrx_word' id='word_1_228' title='bbox 200 2799 279 2840; x_wconf 88' lang='lat' dir='ltr'>nunc</span> <span class='ocrx_word' id='word_1_229' title='bbox 293 2780 389 2841; x_wconf 89' lang='lat' dir='ltr'>dicere</span> <span class='ocrx_word' id='word_1_230' title='bbox 398 2780 525 2841; x_wconf 84' lang='lat' dir='ltr'>nudent:</span> <span class='ocrx_word' id='word_1_231' title='bbox 546 2782 730 2861; x_wconf 90' lang='lat' dir='ltr'>perspicuum</span> <span class='ocrx_word' id='word_1_232' title='bbox 745 2792 842 2842; x_wconf 88' lang='lat' dir='ltr'>autem</span> <span class='ocrx_word' id='word_1_233' title='bbox 852 2792 882 2842; x_wconf 90' lang='lat' dir='ltr'>et</span> <span class='ocrx_word' id='word_1_234' title='bbox 894 2782 951 2841; x_wconf 94' lang='lat' dir='ltr'>hoc</span> <span class='ocrx_word' id='word_1_235' title='bbox 961 2780 1059 2840; x_wconf 85' lang='lat' dir='ltr'>statim</span> <span class='ocrx_word' id='word_1_236' title='bbox 1068 2780 1149 2839; x_wconf 88' lang='lat' dir='ltr'>vobis</span> <span class='ocrx_word' id='word_1_237' title='bbox 1159 2779 1215 2837; x_wconf 87' lang='lat' dir='ltr'>erit</span> <span class='ocrx_word' id='word_1_238' title='bbox 1224 2798 1290 2839; x_wconf 88' lang='lat' dir='ltr'>om-</span> 
     </span>
     <span class='ocr_line' id='line_1_28' title="bbox 198 2871 1289 2952; baseline 0 -23"><span class='ocrx_word' id='word_1_239' title='bbox 198 2871 292 2935; x_wconf 86' lang='lat' dir='ltr'>nibus.</span> <span class='ocrx_word' id='word_1_240' title='bbox 333 2873 483 2934; x_wconf 87' lang='lat' dir='ltr'>Attendite</span> <span class='ocrx_word' id='word_1_241' title='bbox 506 2874 606 2948; x_wconf 88' lang='lat' dir='ltr'>modo,</span> <span class='ocrx_word' id='word_1_242' title='bbox 618 2876 822 2945; x_wconf 88' lang='lat' dir='ltr'>Athenienses,</span> <span class='ocrx_word' id='word_1_243' title='bbox 842 2892 893 2952; x_wconf 89' lang='lat' dir='ltr'>per</span> <span class='ocrx_word' id='word_1_244' title='bbox 913 2872 984 2933; x_wconf 89' lang='lat' dir='ltr'>deos</span> <span class='ocrx_word' id='word_1_245' title='bbox 1004 2892 1056 2933; x_wconf 83' lang='lat' dir='ltr'>ros</span> <span class='ocrx_word' id='word_1_246' title='bbox 1076 2891 1127 2931; x_wconf 92' lang='lat' dir='ltr'>oro</span> <span class='ocrx_word' id='word_1_247' title='bbox 1148 2872 1289 2931; x_wconf 83' lang='lat' dir='ltr'>animuin.</span> 
     </span>
     <span class='ocr_line' id='line_1_29' title="bbox 201 2962 1288 3027; baseline 0 -7"><span class='ocrx_word' id='word_1_248' title='bbox 201 2962 257 3023; x_wconf 89' lang='lat' dir='ltr'>Via</span> <span class='ocrx_word' id='word_1_249' title='bbox 272 2964 346 3026; x_wconf 91' lang='lat' dir='ltr'>inter</span> <span class='ocrx_word' id='word_1_250' title='bbox 359 2985 457 3027; x_wconf 89' lang='lat' dir='ltr'>meum</span> <span class='ocrx_word' id='word_1_251' title='bbox 472 2977 503 3027; x_wconf 86' lang='lat' dir='ltr'>et</span> <span class='ocrx_word' id='word_1_252' title='bbox 516 2966 637 3027; x_wconf 83' lang='lat' dir='ltr'>istorum</span> <span class='ocrx_word' id='word_1_253' title='bbox 650 2966 774 3025; x_wconf 83' lang='lat' dir='ltr'>fundum</span> <span class='ocrx_word' id='word_1_254' title='bbox 787 2966 922 3024; x_wconf 86' lang='lat' dir='ltr'>interest:</span> <span class='ocrx_word' id='word_1_255' title='bbox 944 2984 1011 3024; x_wconf 90' lang='lat' dir='ltr'>cum</span> <span class='ocrx_word' id='word_1_256' title='bbox 1024 2973 1120 3023; x_wconf 85' lang='lat' dir='ltr'>autem</span> <span class='ocrx_word' id='word_1_257' title='bbox 1133 2982 1217 3022; x_wconf 91' lang='lat' dir='ltr'>mons</span> <span class='ocrx_word' id='word_1_258' title='bbox 1230 2982 1288 3020; x_wconf 90' lang='lat' dir='ltr'>un-</span> 
     </span>
     <span class='ocr_line' id='line_1_30' title="bbox 199 3052 1291 3135; baseline 0.004 -22"><span class='ocrx_word' id='word_1_259' title='bbox 199 3052 354 3134; x_wconf 86' lang='lat' dir='ltr'>dequaque</span> <span class='ocrx_word' id='word_1_260' title='bbox 367 3058 475 3135; x_wconf 85' lang='lat' dir='ltr'>praedio</span> <span class='ocrx_word' id='word_1_261' title='bbox 486 3058 595 3135; x_wconf 79' lang='lat' dir='ltr'>cingat,</span> <span class='ocrx_word' id='word_1_262' title='bbox 605 3058 638 3115; x_wconf 90' lang='lat' dir='ltr'>fit</span> <span class='ocrx_word' id='word_1_263' title='bbox 652 3066 684 3114; x_wconf 92' lang='lat' dir='ltr'>ut</span> <span class='ocrx_word' id='word_1_264' title='bbox 695 3075 771 3135; x_wconf 87' lang='lat' dir='ltr'>aqua</span> <span class='ocrx_word' id='word_1_265' title='bbox 783 3055 915 3115; x_wconf 84' lang='lat' dir='ltr'>defluens</span> <span class='ocrx_word' id='word_1_266' title='bbox 927 3055 1073 3135; x_wconf 69' lang='lat' dir='ltr'>partim-in</span> <span class='ocrx_word' id='word_1_267' title='bbox 1085 3054 1291 3135; x_wconf 66' lang='lat' dir='ltr'>stamparum</span> 
     </span>
     <span class='ocr_line' id='line_1_31' title="bbox 198 3144 1289 3227; baseline 0.004 -24"><span class='ocrx_word' id='word_1_268' title='bbox 198 3144 228 3203; x_wconf 92' lang='lat' dir='ltr'>in</span> <span class='ocrx_word' id='word_1_269' title='bbox 241 3147 362 3224; x_wconf 85' lang='lat' dir='ltr'>praedia,</span> <span class='ocrx_word' id='word_1_270' title='bbox 376 3149 494 3208; x_wconf 86' lang='lat' dir='ltr'>feratur.</span> <span class='ocrx_word' id='word_1_271' title='bbox 520 3148 648 3225; x_wconf 66' lang='lat' dir='ltr'>anue,</span> <span class='ocrx_word' id='word_1_272' title='bbox 662 3147 686 3205; x_wconf 90' lang='lat' dir='ltr'>si</span> <span class='ocrx_word' id='word_1_273' title='bbox 703 3148 820 3225; x_wconf 91' lang='lat' dir='ltr'>quando</span> <span class='ocrx_word' id='word_1_274' title='bbox 834 3148 863 3205; x_wconf 90' lang='lat' dir='ltr'>in</span> <span class='ocrx_word' id='word_1_275' title='bbox 877 3148 953 3207; x_wconf 86' lang='lat' dir='ltr'>viam</span> <span class='ocrx_word' id='word_1_276' title='bbox 967 3147 1089 3217; x_wconf 86' lang='lat' dir='ltr'>irruerit,</span> <span class='ocrx_word' id='word_1_277' title='bbox 1104 3148 1289 3227; x_wconf 74' lang='lat' dir='ltr'>quaesitum</span> 
     </span>
     <span class='ocr_line' id='line_1_32' title="bbox 200 3234 1289 3318; baseline 0.006 -26"><span class='ocrx_word' id='word_1_278' title='bbox 200 3234 297 3309; x_wconf 87' lang='lat' dir='ltr'>habet,</span> <span class='ocrx_word' id='word_1_279' title='bbox 307 3238 443 3296; x_wconf 90' lang='lat' dir='ltr'>deorsum</span> <span class='ocrx_word' id='word_1_280' title='bbox 457 3257 509 3316; x_wconf 89' lang='lat' dir='ltr'>per</span> <span class='ocrx_word' id='word_1_281' title='bbox 520 3238 597 3297; x_wconf 83' lang='lat' dir='ltr'>viam</span> <span class='ocrx_word' id='word_1_282' title='bbox 611 3238 710 3313; x_wconf 86' lang='lat' dir='ltr'>fertur,</span> <span class='ocrx_word' id='word_1_283' title='bbox 723 3258 783 3318; x_wconf 88' lang='lat' dir='ltr'>qua</span> <span class='ocrx_word' id='word_1_284' title='bbox 795 3250 892 3299; x_wconf 87' lang='lat' dir='ltr'>autem</span> <span class='ocrx_word' id='word_1_285' title='bbox 906 3240 1016 3318; x_wconf 86' lang='lat' dir='ltr'>aliquid</span> <span class='ocrx_word' id='word_1_286' title='bbox 1028 3240 1154 3317; x_wconf 84' lang='lat' dir='ltr'>obsistit,</span> <span class='ocrx_word' id='word_1_287' title='bbox 1168 3239 1207 3298; x_wconf 93' lang='lat' dir='ltr'>ibi</span> <span class='ocrx_word' id='word_1_288' title='bbox 1221 3260 1289 3299; x_wconf 87' lang='lat' dir='ltr'>eam</span> 
     </span>
     <span class='ocr_line' id='line_1_33' title="bbox 198 3327 1291 3413; baseline 0.005 -28"><span class='ocrx_word' id='word_1_289' title='bbox 198 3339 404 3405; x_wconf 84' lang='lat' dir='ltr'>exaggeratam</span> <span class='ocrx_word' id='word_1_290' title='bbox 418 3329 447 3385; x_wconf 90' lang='lat' dir='ltr'>in</span> <span class='ocrx_word' id='word_1_291' title='bbox 457 3327 741 3413; x_wconf 83' lang='lat' dir='ltr'>sundosredundare</span> <span class='ocrx_word' id='word_1_292' title='bbox 755 3350 877 3391; x_wconf 88' lang='lat' dir='ltr'>necesse</span> <span class='ocrx_word' id='word_1_293' title='bbox 890 3332 1070 3409; x_wconf 80' lang='lat' dir='ltr'>est..Atque</span> <span class='ocrx_word' id='word_1_294' title='bbox 1080 3332 1154 3391; x_wconf 90' lang='lat' dir='ltr'>adeo</span> <span class='ocrx_word' id='word_1_295' title='bbox 1168 3332 1197 3389; x_wconf 90' lang='lat' dir='ltr'>in</span> <span class='ocrx_word' id='word_1_296' title='bbox 1207 3332 1291 3391; x_wconf 92' lang='lat' dir='ltr'>huuc</span> 
     </span>
     <span class='ocr_line' id='line_1_34' title="bbox 198 3418 1290 3502; baseline 0.005 -26"><span class='ocrx_word' id='word_1_297' title='bbox 198 3418 556 3493; x_wconf 82' lang='lat' dir='ltr'>fundum,Judices,fecta</span> <span class='ocrx_word' id='word_1_298' title='bbox 564 3422 763 3497; x_wconf 89' lang='lat' dir='ltr'>inundatione,</span> <span class='ocrx_word' id='word_1_299' title='bbox 770 3422 894 3500; x_wconf 82' lang='lat' dir='ltr'>contigit</span> <span class='ocrx_word' id='word_1_300' title='bbox 903 3442 1009 3502; x_wconf 88' lang='lat' dir='ltr'>aquam</span> <span class='ocrx_word' id='word_1_301' title='bbox 1018 3424 1141 3483; x_wconf 86' lang='lat' dir='ltr'>irruere:</span> <span class='ocrx_word' id='word_1_302' title='bbox 1153 3423 1206 3482; x_wconf 89' lang='lat' dir='ltr'>sed</span> <span class='ocrx_word' id='word_1_303' title='bbox 1216 3442 1290 3501; x_wconf 79' lang='lat' dir='ltr'>neg·</span> 
     </span>
     <span class='ocr_line' id='line_1_35' title="bbox 197 3510 1289 3591; baseline 0.002 -22"><span class='ocrx_word' id='word_1_304' title='bbox 197 3510 315 3581; x_wconf 91' lang='lat' dir='ltr'>lectum,</span> <span class='ocrx_word' id='word_1_305' title='bbox 329 3520 412 3591; x_wconf 87' lang='lat' dir='ltr'>patre</span> <span class='ocrx_word' id='word_1_306' title='bbox 425 3532 491 3573; x_wconf 91' lang='lat' dir='ltr'>meo</span> <span class='ocrx_word' id='word_1_307' title='bbox 506 3514 636 3573; x_wconf 89' lang='lat' dir='ltr'>nondum</span> <span class='ocrx_word' id='word_1_308' title='bbox 649 3526 776 3588; x_wconf 91' lang='lat' dir='ltr'>tenente,</span> <span class='ocrx_word' id='word_1_309' title='bbox 791 3514 845 3575; x_wconf 92' lang='lat' dir='ltr'>sed</span> <span class='ocrx_word' id='word_1_310' title='bbox 858 3514 974 3575; x_wconf 89' lang='lat' dir='ltr'>homine</span> <span class='ocrx_word' id='word_1_311' title='bbox 996 3516 1043 3573; x_wconf 91' lang='lat' dir='ltr'>cui</span> <span class='ocrx_word' id='word_1_312' title='bbox 1061 3515 1126 3573; x_wconf 85' lang='lat' dir='ltr'>loce</span> <span class='ocrx_word' id='word_1_313' title='bbox 1146 3515 1210 3573; x_wconf 82' lang='lat' dir='ltr'>haec</span> <span class='ocrx_word' id='word_1_314' title='bbox 1224 3534 1289 3575; x_wconf 89' lang='lat' dir='ltr'>om-</span> 
     </span>
     <span class='ocr_line' id='line_1_36' title="bbox 198 3603 1300 3687; baseline 0.005 -26"><span class='ocrx_word' id='word_1_315' title='bbox 198 3603 268 3663; x_wconf 91' lang='lat' dir='ltr'>nino</span> <span class='ocrx_word' id='word_1_316' title='bbox 278 3604 471 3683; x_wconf 89' lang='lat' dir='ltr'>displicebant</span> <span class='ocrx_word' id='word_1_317' title='bbox 480 3616 511 3666; x_wconf 91' lang='lat' dir='ltr'>et</span> <span class='ocrx_word' id='word_1_318' title='bbox 523 3607 616 3685; x_wconf 84' lang='lat' dir='ltr'>magis</span> <span class='ocrx_word' id='word_1_319' title='bbox 627 3608 750 3681; x_wconf 87' lang='lat' dir='ltr'>urbano,</span> <span class='ocrx_word' id='word_1_320' title='bbox 760 3618 847 3687; x_wconf 88' lang='lat' dir='ltr'>atque</span> <span class='ocrx_word' id='word_1_321' title='bbox 855 3608 1008 3669; x_wconf 89' lang='lat' dir='ltr'>inundatio</span> <span class='ocrx_word' id='word_1_322' title='bbox 1015 3607 1060 3667; x_wconf 92' lang='lat' dir='ltr'>bis</span> <span class='ocrx_word' id='word_1_323' title='bbox 1067 3617 1119 3665; x_wconf 91' lang='lat' dir='ltr'>aut</span> <span class='ocrx_word' id='word_1_324' title='bbox 1127 3616 1170 3665; x_wconf 87' lang='lat' dir='ltr'>ter</span> <span class='ocrx_word' id='word_1_325' title='bbox 1178 3606 1300 3676; x_wconf 66' lang='lat' dir='ltr'>fundos:</span> 
     </span>
     <span class='ocr_line' id='line_1_37' title="bbox 127 3696 1289 3779; baseline 0.002 -26"><span class='ocrx_word' id='word_1_326' title='bbox 127 3722 131 3731; x_wconf 95' lang='lat'>·</span> <span class='ocrx_word' id='word_1_327' title='bbox 199 3696 324 3757; x_wconf 83' lang='lat' dir='ltr'>vastavit</span> <span class='ocrx_word' id='word_1_328' title='bbox 337 3716 371 3756; x_wconf 89' lang='lat' dir='ltr'>ac</span> <span class='ocrx_word' id='word_1_329' title='bbox 384 3698 481 3776; x_wconf 90' lang='lat' dir='ltr'>potius</span> <span class='ocrx_word' id='word_1_330' title='bbox 495 3699 673 3759; x_wconf 89' lang='lat' dir='ltr'>eosutviam</span> <span class='ocrx_word' id='word_1_331' title='bbox 687 3701 891 3779; x_wconf 86' lang='lat' dir='ltr'>complanavit.</span> <span class='ocrx_word' id='word_1_332' title='bbox 933 3700 1021 3768; x_wconf 85' lang='lat' dir='ltr'>Quod</span> <span class='ocrx_word' id='word_1_333' title='bbox 1034 3708 1117 3779; x_wconf 84' lang='lat' dir='ltr'>pater</span> <span class='ocrx_word' id='word_1_334' title='bbox 1130 3698 1289 3759; x_wconf 78' lang='lat' dir='ltr'>cumside·</span> 
     </span>
     <span class='ocr_line' id='line_1_38' title="bbox 197 3790 1295 3870; baseline 0.003 -22"><span class='ocrx_word' id='word_1_335' title='bbox 197 3797 252 3862; x_wconf 91' lang='lat' dir='ltr'>ret,</span> <span class='ocrx_word' id='word_1_336' title='bbox 266 3799 300 3849; x_wconf 89' lang='lat' dir='ltr'>ut</span> <span class='ocrx_word' id='word_1_337' title='bbox 311 3809 367 3869; x_wconf 85' lang='lat' dir='ltr'>ego</span> <span class='ocrx_word' id='word_1_338' title='bbox 380 3810 417 3849; x_wconf 83' lang='lat' dir='ltr'>en</span> <span class='ocrx_word' id='word_1_339' title='bbox 431 3790 465 3850; x_wconf 88' lang='lat' dir='ltr'>iis</span> <span class='ocrx_word' id='word_1_340' title='bbox 480 3791 530 3870; x_wconf 89' lang='lat' dir='ltr'>qni</span> <span class='ocrx_word' id='word_1_341' title='bbox 543 3804 650 3851; x_wconf 89' lang='lat' dir='ltr'>norunt</span> <span class='ocrx_word' id='word_1_342' title='bbox 663 3791 759 3864; x_wconf 84' lang='lat' dir='ltr'>audio,</span> <span class='ocrx_word' id='word_1_343' title='bbox 772 3813 807 3853; x_wconf 84' lang='lat' dir='ltr'>ec</span> <span class='ocrx_word' id='word_1_344' title='bbox 826 3793 913 3855; x_wconf 82' lang='lat' dir='ltr'>vicini</span> <span class='ocrx_word' id='word_1_345' title='bbox 926 3801 957 3853; x_wconf 89' lang='lat' dir='ltr'>et</span> <span class='ocrx_word' id='word_1_346' title='bbox 969 3792 1163 3870; x_wconf 79' lang='lat' dir='ltr'>deposcerent</span> <span class='ocrx_word' id='word_1_347' title='bbox 1181 3799 1213 3849; x_wconf 90' lang='lat' dir='ltr'>et</span> <span class='ocrx_word' id='word_1_348' title='bbox 1232 3790 1295 3851; x_wconf 88' lang='lat' dir='ltr'>iter.</span> 
     </span>
     <span class='ocr_line' id='line_1_39' title="bbox 196 3882 957 3960; baseline 0 -19"><span class='ocrx_word' id='word_1_349' title='bbox 196 3900 248 3960; x_wconf 92' lang='lat' dir='ltr'>per</span> <span class='ocrx_word' id='word_1_350' title='bbox 261 3882 384 3942; x_wconf 81' lang='lat' dir='ltr'>fundum</span> <span class='ocrx_word' id='word_1_351' title='bbox 398 3882 536 3955; x_wconf 84' lang='lat' dir='ltr'>facerent,</span> <span class='ocrx_word' id='word_1_352' title='bbox 550 3883 605 3943; x_wconf 87' lang='lat' dir='ltr'>hec</span> <span class='ocrx_word' id='word_1_353' title='bbox 619 3884 745 3943; x_wconf 86' lang='lat' dir='ltr'>maceria</span> <span class='ocrx_word' id='word_1_354' title='bbox 755 3884 957 3945; x_wconf 85' lang='lat' dir='ltr'>circumdedit.</span> 
     </span>
    </p>

    <p class='ocr_par' dir='ltr' id='par_1_6' title="bbox 195 3972 1295 4431">
     <span class='ocr_line' id='line_1_40' title="bbox 235 3972 1293 4053; baseline 0 -20"><span class='ocrx_word' id='word_1_355' title='bbox 235 3976 265 4034; x_wconf 91' lang='lat'>4.</span> <span class='ocrx_word' id='word_1_356' title='bbox 280 3974 354 4035; x_wconf 77' lang='lat' dir='ltr'>Haec</span> <span class='ocrx_word' id='word_1_357' title='bbox 367 3983 401 4035; x_wconf 91' lang='lat' dir='ltr'>ut</span> <span class='ocrx_word' id='word_1_358' title='bbox 419 3994 487 4035; x_wconf 86' lang='lat' dir='ltr'>vera</span> <span class='ocrx_word' id='word_1_359' title='bbox 500 3995 565 4035; x_wconf 88' lang='lat' dir='ltr'>esse</span> <span class='ocrx_word' id='word_1_360' title='bbox 579 3976 660 4035; x_wconf 85' lang='lat' dir='ltr'>vobis</span> <span class='ocrx_word' id='word_1_361' title='bbox 674 3986 799 4047; x_wconf 85' lang='lat' dir='ltr'>constet,</span> <span class='ocrx_word' id='word_1_362' title='bbox 815 3996 883 4037; x_wconf 91' lang='lat' dir='ltr'>cum</span> <span class='ocrx_word' id='word_1_363' title='bbox 901 3985 991 4035; x_wconf 78' lang='lat' dir='ltr'>testes</span> <span class='ocrx_word' id='word_1_364' title='bbox 1001 3994 1051 4034; x_wconf 91' lang='lat' dir='ltr'>eos</span> <span class='ocrx_word' id='word_1_365' title='bbox 1057 3972 1224 4052; x_wconf 82' lang='lat' dir='ltr'>producam</span> <span class='ocrx_word' id='word_1_366' title='bbox 1230 3974 1293 4053; x_wconf 73' lang='lat' dir='ltr'>qui</span> 
     </span>
     <span class='ocr_line' id='line_1_41' title="bbox 196 4065 1295 4148; baseline 0 -23"><span class='ocrx_word' id='word_1_367' title='bbox 196 4086 257 4126; x_wconf 89' lang='lat' dir='ltr'>rem</span> <span class='ocrx_word' id='word_1_368' title='bbox 270 4077 387 4140; x_wconf 88' lang='lat' dir='ltr'>norunt,</span> <span class='ocrx_word' id='word_1_369' title='bbox 401 4078 462 4128; x_wconf 90' lang='lat' dir='ltr'>tum</span> <span class='ocrx_word' id='word_1_370' title='bbox 486 4078 668 4148; x_wconf 82' lang='lat' dir='ltr'>argumenta,</span> <span class='ocrx_word' id='word_1_371' title='bbox 683 4070 889 4142; x_wconf 89' lang='lat' dir='ltr'>Athenienses,</span> <span class='ocrx_word' id='word_1_372' title='bbox 902 4068 1024 4128; x_wconf 85' lang='lat' dir='ltr'>testibus</span> <span class='ocrx_word' id='word_1_373' title='bbox 1045 4066 1137 4127; x_wconf 84' lang='lat' dir='ltr'>multo</span> <span class='ocrx_word' id='word_1_374' title='bbox 1144 4065 1295 4143; x_wconf 59' lang='lat' dir='ltr'>firmiora,</span> 
     </span>
     <span class='ocr_line' id='line_1_42' title="bbox 198 4157 1293 4236; baseline 0.003 -21"><span class='ocrx_word' id='word_1_375' title='bbox 198 4157 336 4222; x_wconf 86' lang='lat' dir='ltr'>Callicles</span> <span class='ocrx_word' id='word_1_376' title='bbox 357 4161 398 4219; x_wconf 89' lang='lat' dir='ltr'>ait</span> <span class='ocrx_word' id='word_1_377' title='bbox 420 4180 477 4234; x_wconf 89' lang='lat' dir='ltr'>me,</span> <span class='ocrx_word' id='word_1_378' title='bbox 491 4162 640 4221; x_wconf 89' lang='lat' dir='ltr'>obstructo</span> <span class='ocrx_word' id='word_1_379' title='bbox 654 4160 750 4233; x_wconf 83' lang='lat' dir='ltr'>alveo,</span> <span class='ocrx_word' id='word_1_380' title='bbox 763 4160 902 4220; x_wconf 89' lang='lat' dir='ltr'>damnum</span> <span class='ocrx_word' id='word_1_381' title='bbox 923 4158 978 4218; x_wconf 92' lang='lat' dir='ltr'>sihi</span> <span class='ocrx_word' id='word_1_382' title='bbox 997 4157 1131 4218; x_wconf 86' lang='lat' dir='ltr'>dedisse:</span> <span class='ocrx_word' id='word_1_383' title='bbox 1148 4178 1205 4236; x_wconf 76' lang='lat' dir='ltr'>ego</span> <span class='ocrx_word' id='word_1_384' title='bbox 1219 4176 1293 4219; x_wconf 82' lang='lat' dir='ltr'>vero.</span> 
     </span>
     <span class='ocr_line' id='line_1_43' title="bbox 195 4246 1288 4326; baseline -0.001 -18"><span class='ocrx_word' id='word_1_385' title='bbox 195 4246 317 4308; x_wconf 87' lang='lat' dir='ltr'>fundum</span> <span class='ocrx_word' id='word_1_386' title='bbox 332 4270 398 4311; x_wconf 90' lang='lat' dir='ltr'>eum</span> <span class='ocrx_word' id='word_1_387' title='bbox 412 4274 486 4326; x_wconf 86' lang='lat' dir='ltr'>esse,</span> <span class='ocrx_word' id='word_1_388' title='bbox 500 4272 559 4313; x_wconf 89' lang='lat' dir='ltr'>non</span> <span class='ocrx_word' id='word_1_389' title='bbox 579 4253 704 4323; x_wconf 81' lang='lat' dir='ltr'>alveum,</span> <span class='ocrx_word' id='word_1_390' title='bbox 718 4252 881 4311; x_wconf 87' lang='lat' dir='ltr'>ostendam.</span> <span class='ocrx_word' id='word_1_391' title='bbox 923 4250 1011 4319; x_wconf 88' lang='lat' dir='ltr'>Quod</span> <span class='ocrx_word' id='word_1_392' title='bbox 1026 4251 1059 4311; x_wconf 91' lang='lat' dir='ltr'>ni</span> <span class='ocrx_word' id='word_1_393' title='bbox 1076 4250 1288 4311; x_wconf 85' lang='lat' dir='ltr'>concederetur</span> 
     </span>
     <span class='ocr_line' id='line_1_44' title="bbox 196 4341 1289 4431; baseline -0.002 -30"><span class='ocrx_word' id='word_1_394' title='bbox 196 4350 329 4401; x_wconf 88' lang='lat' dir='ltr'>nostrum</span> <span class='ocrx_word' id='word_1_395' title='bbox 343 4363 408 4403; x_wconf 87' lang='lat' dir='ltr'>esse</span> <span class='ocrx_word' id='word_1_396' title='bbox 421 4346 579 4431; x_wconf 87' lang='lat' dir='ltr'>proprium,</span> <span class='ocrx_word' id='word_1_397' title='bbox 593 4345 623 4405; x_wconf 90' lang='lat' dir='ltr'>in</span> <span class='ocrx_word' id='word_1_398' title='bbox 637 4364 672 4405; x_wconf 92' lang='lat' dir='ltr'>eo</span> <span class='ocrx_word' id='word_1_399' title='bbox 686 4344 808 4403; x_wconf 88' lang='lat' dir='ltr'>fortasse</span> <span class='ocrx_word' id='word_1_400' title='bbox 821 4360 1022 4422; x_wconf 87' lang='lat' dir='ltr'>peccaremus,</span> <span class='ocrx_word' id='word_1_401' title='bbox 1030 4341 1107 4420; x_wconf 94' lang='lat' dir='ltr'>quod</span> <span class='ocrx_word' id='word_1_402' title='bbox 1121 4341 1219 4415; x_wconf 82' lang='lat' dir='ltr'>locum</span> <span class='ocrx_word' id='word_1_403' title='bbox 1233 4360 1289 4425; x_wconf 87' lang='lat' dir='ltr'>pu·</span> 
     </span>
    </p>
   </div>
   <div class='ocr_carea' id='block_1_5' title="bbox 79 4430 1292 4527">
    <p class='ocr_par' dir='ltr' id='par_1_7' title="bbox 79 4430 1292 4527">
     <span class='ocr_line' id='line_1_45' title="bbox 79 4430 1292 4527; baseline 0.011 -37"><span class='ocrx_word' id='word_1_404' title='bbox 79 4520 81 4527; x_wconf 18' lang='lat' dir='ltr'>y</span> <span class='ocrx_word' id='word_1_405' title='bbox 179 4432 302 4511; x_wconf 54' lang='lat' dir='ltr'>‚blicam</span> <span class='ocrx_word' id='word_1_406' title='bbox 312 4443 547 4507; x_wconf 78' lang='lat' dir='ltr'>exstrueremus:</span> <span class='ocrx_word' id='word_1_407' title='bbox 566 4458 645 4499; x_wconf 91' lang='lat' dir='ltr'>nunc</span> <span class='ocrx_word' id='word_1_408' title='bbox 660 4456 754 4517; x_wconf 83' lang='lat' dir='ltr'>neque</span> <span class='ocrx_word' id='word_1_409' title='bbox 769 4436 807 4497; x_wconf 87' lang='lat' dir='ltr'>dc</span> <span class='ocrx_word' id='word_1_410' title='bbox 819 4455 855 4495; x_wconf 91' lang='lat' dir='ltr'>eo</span> <span class='ocrx_word' id='word_1_411' title='bbox 865 4435 990 4513; x_wconf 80' lang='lat' dir='ltr'>litigant,</span> <span class='ocrx_word' id='word_1_412' title='bbox 1000 4430 1292 4515; x_wconf 57' lang='lat' dir='ltr'>etsunduscosssllus,</span> 
     </span>
    </p>
   </div>
   <div class='ocr_carea' id='block_1_6' title="bbox 0 0 1488 5017">
    <p class='ocr_par' dir='ltr' id='par_1_8' title="bbox 0 0 1488 5017">
     <span class='ocr_line' id='line_1_46' title="bbox 0 0 1488 5017; baseline 0 4"><span class='ocrx_word' id='word_1_413' title='bbox 0 0 1488 5017; x_wconf 95' lang='lat' dir='ltr'> </span> 
     </span>
    </p>
   </div>
  </div>
 </body>
</html>
