2967 5017
425 349 643 410 ADVERSUS
665 351 973 416 PANTAENETUM.
1182 362 1239 420 561

145 493 361 556 continebatur.
386 499 441 559 His
452 501 688 564 actisFebruario
696 519 929 586 meusepraetore
937 512 1238 593 'lbeophilmegosta-

146 583 372 648 timinPontum
382 591 532 668 profectus
548 611 622 665 sum,
631 595 688 656 iste
701 605 731 658 et
743 598 876 678 Evergos
889 601 1076 664 bicfuerunt.
1098 605 1157 670 Qui
1167 607 1239 684 quid

146 675 222 736 inter
236 697 268 737 se
283 679 395 758 egerint
406 703 453 742 me
464 685 596 758 absente,
609 687 707 748 dicere
716 709 776 751 uon
787 711 921 770 possum:
944 696 1124 773 nequeenim
1138 697 1242 758 eadem

146 766 256 840 dieunt,
270 788 365 850 neque
380 776 605 854 sempereadem
619 780 673 840 iste
688 781 816 859 quidem.
852 785 934 844 Alias
946 787 1024 845 enim
1037 787 1144 846 auserit
1157 807 1188 848 se
1202 790 1239 849 ab
1304 840 1308 848 .

143 859 194 918 ilio
202 871 306 920 contra
319 854 405 941 pactu¹
418 885 485 926 esse
495 867 641 930 locatione
654 873 834 944 vierersum
846 875 918 936 aliae
932 895 999 942 eum
1009 877 1039 941 in
1049 897 1139 938 causa
1148 878 1238 960 iubpe

143 959 177 1008 ut
188 950 218 1008 in
232 951 380 1031 pubiicum
393 955 454 1034 ipse
467 957 682 1033 inscriberetur,
696 963 769 1022 alias
783 964 932 1044 quippiam
945 968 1026 1028 aliud
1039 970 1121 1046 quod
1135 969 1236 1031 libuit:

141 1040 191 1100 ille
211 1052 309 1102 autem
331 1045 499 1127 simpliciter
520 1051 563 1122 se,
577 1071 631 1110 nec
650 1055 747 1114 usuris
760 1055 893 1128 redditis,
907 1079 963 1118 nec
979 1061 1082 1120 aliare
1095 1060 1156 1121 ulla
1169 1080 1236 1139 quas

140 1134 235 1212 pactis
245 1136 442 1200 contineretur
454 1143 491 1201 ab
499 1143 562 1202 'isto
573 1144 711 1222 praestita,
720 1149 892 1211 convenisse
905 1171 971 1211 eum
982 1161 1014 1211 et
1026 1154 1064 1212 ab
1073 1171 1110 1213 eo
1119 1152 1236 1214 volente

139 1241 228 1284 suum
241 1228 479 1310 recepisse‚.post
491 1233 556 1292 boec
570 1245 668 1294 autem
681 1235 844 1316 digressum
857 1242 947 1302 istum
960 1244 1072 1303 redisse
1084 1244 1234 1304 adducen-

139 1325 197 1374 tem
211 1317 352 1396 quoidam
368 1322 419 1400 qui
433 1327 659 1386 controversiam
675 1343 834 1404 moverent,
848 1353 880 1392 se
893 1333 959 1394 ilios
974 1355 1034 1395 non
1049 1346 1234 1414 persecutum

137 1425 214 1479 esse,
228 1411 323 1488 neque
338 1411 425 1472 istum
442 1415 622 1493 prohibuisse
636 1435 695 1497 quo
709 1421 806 1482 minus
823 1433 938 1484 teneret
954 1445 1020 1504 quae
1043 1427 1233 1500 conduxerat,

135 1497 227 1562 modo
238 1499 326 1560 fidem
342 1507 479 1565 serviret.
510 1508 555 1565 Ex
568 1507 612 1568 his
626 1509 714 1586 igitur
727 1532 785 1592 ego
797 1513 873 1574 tales
884 1517 1031 1579 orationes
1044 1518 1141 1584 audio·
1172 1518 1233 1577 Sed

134 1587 208 1648 iilud
225 1591 363 1664 scio,sive
376 1594 433 1655 iste
446 1616 517 1657 vera
528 1598 609 1670 dicit,
618 1611 648 1658 et
662 1602 766 1681 injuria
780 1605 902 1666 affectus
913 1616 959 1667 est
967 1619 1001 1668 ut
1009 1609 1051 1668 ait
1058 1611 1096 1678 ab
1105 1611 1232 1688 Everpo,

17 1701 18 1732 r
131 1698 239 1757 poenas
255 1691 326 1741 eum*
338 1687 509 1766 sumpsisse,
526 1701 652 1766 quantas
666 1694 868 1756 voluit-vicit
881 1698 960 1756 enirn
972 1700 1056 1758 vobis
1073 1700 1231 1776 judicami-

128 1772 243 1842 bus-,
257 1792 353 1850 neque
366 1777 497 1851 profecto
507 1797 623 1856 aequum
640 1794 751 1841 esseut
763 1795 794 1842 et
806 1786 845 1844 ab
859 1797 979 1845 auctore
998 1788 1111 1865 injurie
1129 1809 1230 1868 poenas

127 1871 235 1920 sumat
248 1872 278 1921 et
296 1882 313 1922 a
333 1883 379 1922 me
399 1865 449 1941 qui
470 1886 592 1947 peregre
608 1869 764 1932 abfuerim:
787 1874 848 1933 sive
861 1875 1004 1954 Erergus,
1018 1878 1096 1938 bunc
1112 1882 1230 1958 quidem

128 1952 382 2031 circumscriptum
395 1973 461 2016 csse
474 1976 525 2036 per
537 1959 721 2033 calumniam,
732 1983 781 2022 me
791 1985 861 2024 vero
871 1987 908 2025 ne
918 1968 1087 2046 sicquidem
1097 1972 1230 2050 ejusdem

128 2043 260 2102 criminis
272 2043 338 2122 jure
352 2047 494 2106 accusari.
538 2049 579 2107 Ut
592 2051 680 2129 igitur
692 2053 757 2114 haec
771 2056 896 2133 primum
911 2077 930 2117 a
942 2077 988 2120 me
1004 2080 1071 2119 rere
1085 2062 1143 2122 dici
1157 2084 1228 2125 con·

130 2145 200 2207 stet,
211 2135 314 2195 borum
328 2147 419 2196 testes
433 2139 471 2197 ed
486 2159 537 2199 vos
553 2143 722 2218 producam.

596 2361 759 2419 TESTES.
860 2428 862 2431 ¹

128 2479 232 2556 ¹Fuisse
245 2479 334 2575 igitur
347 2509 377 2558 et
391 2499 571 2559 venditorem
586 2502 677 2560 ¹nobie
698 2501 917 2580 possessionum
930 2521 1010 2573 eum,
1032 2505 1083 2580 qui
1102 2504 1166 2584 ipse
1187 2509 1224 2566 ab

17 2581 19 2590 ’
128 2588 211 2648 initio
232 2601 351 2665 emerat,
365 2601 444 2650 etex
466 2603 551 2670 pacto
572 2597 660 2652 istum
683 2592 858 2652 conduxisse
880 2604 1015 2654 nostram·
1030 2596 1176 2656 officinam
1193 2608 1223 2656 et

17 2697 18 2704 ¹
127 2680 285 2760 mancipia,
299 2693 329 2742 ct
343 2703 389 2742 me
410 2683 444 2740 iis
464 2703 529 2761 quae
547 2684 601 2742 iste
620 2695 722 2761 postea
735 2703 803 2742 eum
819 2685 935 2762 Erergo
948 2686 1010 2762 egit
1023 2707 1119 2765 neque
1133 2689 1223 2749 inter·

126 2772 216 2830 fuisse
230 2793 325 2850 neque
347 2775 439 2834 fuisse
462 2773 541 2831 dorni
563 2775 691 2844 omnino,
706 2784 736 2831 et
758 2775 838 2831 illurn
862 2776 890 2830 in
909 2777 960 2854 jus
981 2788 1118 2837 vocatum
1131 2790 1163 2838 et
1175 2799 1222 2851 me

17 2849 19 2900 i
127 2861 236 2921 nuliius
248 2883 376 2941 unquam
392 2862 519 2923 criminis
541 2865 577 2922 ab
597 2863 653 2922 isto
674 2881 756 2921 reum
781 2882 846 2921 esse
864 2863 986 2933 factum,
999 2883 1018 2923 e
1031 2868 1154 2926 testibus
1168 2889 1222 2928 au-

92 2972 93 2980 *
126 2953 205 3026 ditis,
220 2954 352 3014 Judices.
521 3021 522 3024 Ἴ
1068 2960 1074 2974 ’

165 3049 194 3106 3.
217 3045 362 3106 Reversus
376 3046 463 3125 igitur
482 3045 595 3122 amissis
616 3045 674 3105 fere
694 3063 761 3123 quea
778 3063 894 3109 mecum
906 3064 1060 3105 erexeram
1074 3050 1220 3122 omnibus,

124 3156 213 3214 quum
234 3148 264 3197 et
282 3137 411 3196 audirem
433 3138 521 3197 istum
540 3137 703 3197 deseruisse
725 3137 884 3208 officinam,
898 3146 928 3196 et
946 3137 1092 3216 Erergum
1111 3139 1220 3206 babere

123 3238 153 3290 et
174 3239 272 3290 terrere
292 3251 358 3308 quan
387 3249 548 3290 emeramus
573 3229 713 3301 riderem,
734 3230 838 3287 mirum
866 3230 896 3290 in
918 3229 1039 3289 modum
1067 3232 1159 3309 dolui,
1185 3245 1220 3293 ut

123 3322 172 3399 qui
187 3315 285 3382 eume
303 3321 456 3380 redactum
471 3340 619 3380 cernerem
641 3330 674 3379 ut
688 3339 748 3398 quo
766 3338 814 3379 me
833 3329 974 3380 verterem
991 3322 1146 3384 nescirem:
1167 3335 1219 3385 sut

123 3415 199 3472 euim
218 3413 330 3473 socium
351 3431 415 3472 esse
438 3432 485 3472 me
509 3414 660 3492 oportebat
682 3411 797 3490 Evergo
818 3422 949 3490 questus
972 3423 1003 3472 et
1025 3415 1218 3489 curationum,
1269 3479 1276 3490 ,

17 3529 18 3570 1
123 3519 173 3566 aut
185 3507 347 3566 debitorem
365 3505 448 3565 istius
463 3505 529 3564 loco
550 3505 695 3583 Erergum
712 3504 832 3575 babere,
845 3514 878 3563 et
894 3523 962 3564 eum
979 3525 1015 3565 eo
1028 3506 1126 3567 denuo
1145 3527 1217 3568 con·

123 3599 246 3658 snubere
265 3599 452 3668 locationem,
475 3607 506 3656 et
526 3597 706 3656 contrahere.
756 3596 888 3663 Quomm
910 3596 980 3657 mibi
1001 3607 1138 3660 neutmm
1155 3610 1217 3659 erat

122 3687 149 3747 in
169 3690 285 3750 animo:
307 3689 371 3748 haec
386 3696 485 3747 autem
499 3707 565 3767 quoe
580 3687 641 3746 dixi
661 3686 791 3745 moleste
802 3686 909 3758 ferens,
923 3687 1110 3766 conspicatus
1126 3689 1216 3747 Mne·

17 3799 18 3852 ς
122 3779 218 3842 sielem
239 3780 288 3860 qui
304 3797 406 3839 earum
428 3797 522 3838 rerum
536 3777 671 3856 venditor
689 3777 773 3836 nobis
788 3778 896 3848 fuerat,
909 3797 977 3836 cum
998 3797 1034 3838 eo
1047 3778 1214 3856 expostula·

47 3867 49 3876 ’
121 3871 195 3943 bam,
210 3870 289 3950 quod
309 3869 397 3930 talem
415 3869 484 3928 mihi
504 3869 650 3928 hominem
671 3865 866 3940 conciliasset,
884 3877 915 3927 et
933 3887 986 3927 eur
1006 3868 1124 3946 quidam
1143 3888 1213 3928 eon-

121 3963 288 4022 troversiam
313 3973 472 4034 moverent,
495 3960 635 4038 quidnam
651 3961 682 4019 id
700 3961 740 4020 rei
753 3970 853 4030 esset,
875 3961 1103 4039 intermgabarn.
1141 3961 1214 4029 Qui·
1292 4047 1296 4057 '

120 4055 172 4114 bus
198 4054 246 4114 ille
275 4054 382 4114 auditis
410 4053 560 4112 deridebat
590 4071 641 4112 eos
672 4055 722 4131 qui
749 4052 807 4112 boc
835 4053 984 4114 facerent:
1012 4071 1086 4131 qnos
1112 4063 1212 4116 tamen

120 4147 257 4226 congredi
280 4147 354 4207 velle
380 4145 541 4218 nobiscum,
563 4144 650 4223 idque
673 4154 708 4203 ut
728 4145 812 4204 fieret
836 4164 868 4204 se
891 4153 1059 4204 curaturum
1084 4145 1210 4218 dicebat,

121 4249 149 4297 et
170 4238 344 4300 muniturum
360 4237 455 4296 'istum
479 4249 512 4296 ut
535 4236 605 4296 mihi
628 4245 782 4315 praestaret
804 4255 892 4314 aequa
908 4236 1015 4308 omnia,
1035 4246 1066 4295 et
1089 4257 1211 4317 persua·

120 4327 207 4388 dendi
228 4349 309 4409 spem
329 4315 443 4389 babere.
487 4328 526 4386 Ut
551 4328 701 4405 congressi
720 4347 831 4398 sumus,
846 4325 917 4405 quid
937 4328 1036 4388 multis
1050 4340 1095 4390 est
1115 4331 1210 4411 opus?
1322 4414 1328 4421 ι

636 4421 655 4476 4
671 4437 688 4476 c
