2967 5017
184 369 187 376 .
257 335 315 394 sea
448 313 453 322 “
518 305 1076 397 ΑυνεηευεηΝτΕΝετυΜ.

257 507 353 568 neque
369 489 514 568 Evergom
529 502 563 549 ut
582 489 702 568 injurios
717 489 843 550 detulit:
863 488 919 549 sed
940 490 969 548 in
982 489 1097 567 =judicio
1110 487 1181 547 talia
1198 503 1268 582 pum
1280 506 1352 567 pro·

209 615 212 621 ·
256 581 411 660 posuisset,
438 581 551 640 dnobus
573 579 690 638 talentis
717 580 878 639 mulctavit.
928 581 999 639 Erat
1023 578 1157 638 nimirum
1185 581 1353 657 praescienti

257 671 387 742 crimen,
403 671 486 748 cnjus
515 677 716 742 accusaretur,
731 673 864 731 veritate
879 681 911 730 et
931 671 1069 748 aequitate
1095 681 1218 730 ostensa
1237 671 1352 748 legibus

159 835 163 840 1
257 763 341 823 facile
356 763 483 823 absolvi:
499 761 594 821 sedin
609 763 724 822 notione
736 763 891 842 metallica,
905 773 936 822 et
951 763 980 821 in
995 763 1030 822 iis
1043 764 1129 822 rebus
1143 762 1301 841 dequibus
1314 781 1352 822 ne

256 865 443 916 accusaretur
456 853 526 912 nihil
536 855 698 926 metuebat,
711 855 830 914 difficile
844 864 908 914 erat
920 855 1097 914 calumniam
1110 873 1128 911 e
1141 854 1266 933 vestigio
1282 873 1352 933 pro·

255 947 380 1026 pulsare.
421 945 577 1004 Iracundia
590 956 687 1022 autem
697 946 830 1021 judicum
849 948 887 1005 ab
900 946 957 1004 isto
971 946 1173 1024 deceptorum,
1183 964 1243 1024 qua
1259 945 1352 1004 dere

256 1037 394 1116 suffragia
412 1036 469 1095 illis
490 1037 610 1098 serenda
632 1049 723 1110 erant,
744 1040 806 1118 ejus
826 1038 909 1097 illum
923 1036 1139 1104 condemnavit.
1182 1035 1238 1104 Qui
1263 1037 1353 1114 igitur

253 1129 318 1190 illos
333 1128 450 1207 decepit
459 1128 588 1208 jndices,
603 1147 709 1188 eumue
721 1131 921 1190 dubitaturum
937 1149 989 1188 vos
1004 1127 1139 1208 decipere
1152 1127 1283 1206 putatis?
1299 1139 1353 1187 aut

254 1241 342 1283 causa
365 1206 470 1282 fretum
492 1223 655 1300 ingressum
675 1243 751 1296 esse,
772 1228 810 1283 ac'
828 1243 888 1283 aon
910 1222 1076 1301 eloquentia
1090 1233 1121 1281 et
1140 1241 1202 1280 suas
1215 1221 1353 1282 factionis

253 1315 386 1385 testibus,
411 1316 523 1397 impuro
546 1323 576 1374 et
600 1315 782 1374 exsecrando
802 1308 907 1376 Procle
929 1334 1038 1392 magno
1063 1315 1124 1386 illo,
1146 1324 1177 1374 et
1204 1314 1351 1374 stratocle

252 1407 382 1466 omniurn
402 1406 551 1465 hominum
575 1418 605 1465 et
623 1408 812 1467 disertissimo
831 1419 863 1467 et
883 1409 1106 1487 improbissime,
1120 1419 1151 1466 et
1170 1406 1352 1487 impudentia

253 1519 311 1569 sua
320 1501 370 1578 qui
385 1497 455 1558 nihil
469 1509 624 1560 cunctetur
637 1509 689 1559 aut
706 1501 860 1559 erubescat
875 1500 989 1577 plorare
1008 1518 1044 1558 ac
1058 1499 1227 1558 lamentari?
1255 1497 1349 1576 Atqui

252 1601 365 1650 tantum
378 1591 465 1658 abest
478 1603 512 1649 ut
526 1592 565 1651 sis
580 1592 678 1672 aliqua
692 1591 891 1651 misericordia
910 1591 1031 1670 dignus,
1040 1604 1074 1650 ut
1090 1601 1208 1670 propter
1227 1591 1351 1650 fraudes

252 1693 283 1743 et
295 1684 427 1744 facinora
440 1683 479 1742 sis
493 1683 621 1743 omnium
645 1682 1026 1756 hominumodidsissimus:
1046 1681 1096 1760 qui
1116 1681 1209 1742 minas
1230 1691 1350 1741 centum

250 1784 281 1834 et
300 1777 429 1855 quinque
450 1795 518 1835 cum
539 1777 670 1848 deberes,
693 1796 803 1856 easque
823 1771 944 1836 reddere
965 1795 1024 1835 uon
1048 1795 1160 1854 posses,
1173 1794 1225 1834 eos
1245 1773 1295 1852 qui
1317 1787 1350 1831 te

245 1867 386 1944 juverunt
401 1879 431 1927 et
450 1867 481 1925 in
504 1889 595 1929 causa
616 1870 734 1928 luerunt
756 1879 789 1926 ut
807 1869 895 1926 iidem
914 1887 1045 1927 servares
1061 1867 1108 1932 2iis
1128 1867 1178 1942 qui
1198 1877 1296 1925 tecum
1310 1867 1350 1926 ab

251 1958 333 2018 initio
357 1953 572 2030 contraxerant,
596 1968 790 2036 proeterquam
812 1958 893 2038 quod
913 1959 942 2015 in
967 1958 1031 2034 ipso
1058 1965 1211 2014 contractu
1241 1957 1352 2029 riolas,

249 2051 336 2107 etiam
349 2048 508 2126 ignominia
521 2059 622 2108 notare
637 2049 749 2107 studea.
783 2048 913 2136 Caeteros
929 2046 1047 2127 quidem
1058 2045 1201 2105 debitores
1215 2043 1352 2108 videmus

249 2139 372 2197 fortuma
385 2138 509 2197 cedere:
531 2139 557 2198 ei
571 2141 645 2198 vero‘
657 2139 707 2217 qni
729 2138 884 2218 pecuniam
897 2138 949 2198 tibi
963 2137 1096 2210 credidit,
1112 2138 1170 2197 hoc
1184 2137 1301 2205 accidit,
1316 2149 1351 2198 et

249 2228 300 2307 qui
313 2229 454 2290 talentum
468 2230 622 2302 mutuavit,
633 2230 750 2289 duobus
760 2235 815 2308 'per
828 2231 1003 2289 calumniam
1017 2239 1063 2288 est
1076 2229 1242 2288 mulctatus.
1278 2229 1348 2308 Ego

247 2340 327 2395 vero,
339 2323 390 2400 qui
404 2321 739 2402 quadragintaquinque
760 2324 854 2380 minas
872 2323 1011 2391 mutuavi,
1025 2321 1054 2379 in
1072 2321 1129 2379 hoc
1143 2319 1256 2400 judicio
1270 2321 1347 2380 duo·

248 2433 310 2472 rum
322 2414 465 2472 talentum
481 2413 609 2492 periculo
624 2431 744 2492 causam
757 2413 840 2473 dico:
852 2396 895 2484 et,
907 2413 1023 2492 adquae
1034 2431 1184 2490 nunquam
1195 2412 1263 2492 plus
1273 2434 1345 2472 cen-

248 2517 310 2564 tum
324 2505 408 2564 minis
423 2504 547 2564 mutuari
568 2504 697 2583 potuisti,
711 2525 778 2583 quae
792 2506 883 2564 tribus
902 2505 1020 2564 talentis
1036 2505 1172 2568 universa
1186 2505 1344 2565 vendidisti

246 2605 278 2654 et
292 2597 334 2656 bis
348 2596 429 2654 mille
443 2595 601 2674 drachmis,
612 2596 641 2654 in
655 2597 689 2655 iis
705 2605 830 2673 quatuor
842 2597 985 2656 talentum
1003 2595 1116 2656 scilicet
1129 2597 1233 2673 injuria
1254 2615 1285 2656 es
1298 2595 1343 2655 af-

245 2686 341 2746 fectus
355 2707 372 2746 a
385 2687 522 2766 quodam,
534 2707 637 2765 eoque,
653 2687 677 2746 si
695 2687 751 2747 diis
764 2689 872 2766 placet,
888 2707 972 2748 servo
986 2707 1061 2746 meo.
1104 2687 1178 2755 Quis
1197 2707 1266 2746 vero
1281 2687 1343 2747 suis

244 2779 331 2838 rebus
356 2779 427 2839 civis
448 2798 531 2838 servo
550 2778 692 2860 cederet?
712 2778 816 2856 quisve
840 2779 953 2840 diceret
972 2798 1072 2838 earum
1092 2799 1196 2849 rerum,
1217 2798 1341 2856 quarum

245 2869 306 2948 ipse
332 2872 481 2931 damnavit
503 2871 660 2950 Evergum,
676 2871 763 2930 etiam
786 2871 928 2931 famulum
945 2889 1041 2928 meum
1060 2870 1203 2929 rationem
1218 2869 1342 2929 reddere

199 2961 401 3042 ,oporteret
432 2962 493 3021 Sed
511 2961 556 3021 his
566 2948 764 3031 ⁸omissis,·ista
785 2961 847 3038 ipse
868 2959 975 3019 talibus
996 2961 1165 3020 criminibus
1183 2979 1250 3019 eum
1268 2957 1365 3019 liba
1439 3017 1442 3021 .

243 3053 317 3129 ravit
330 3054 474 3112 omnibus:
517 3053 623 3129 Neque
637 3051 712 3109 enim
728 3049 759 3108 id
774 3069 852 3109 nunc
866 3051 1024 3110 dicendum
1037 3063 1110 3122 erat,
1123 3071 1218 3129 neque
1232 3051 1262 3109 in
1271 3071 1340 3131 pro-

242 3139 395 3203 vocatione
413 3142 598 3202 scribendum
621 3141 651 3198 in
671 3155 733 3220 qua
752 3143 944 3221 quaestionem
964 3135 1071 3200 habere
1088 3141 1241 3202 studebat:
1276 3143 1340 3218 sed,

243 3234 284 3292 illi
307 3235 417 3294 dictato
437 3234 558 3312 judicio,
573 3253 619 3293 me
641 3235 790 3294 dominnm
809 3235 945 3314 persequi
961 3233 1164 3294 conveniebat.
1206 3235 1296 3294 Nunc
1310 3247 1341 3296 rt

241 3327 312 3386 mihi
325 3326 405 3386 litem
420 3326 553 3409 intendit,
567 3335 597 3386 et
615 3325 695 3385 illum
718 3335 859 3394 accusat;
881 3347 948 3404 qum
961 3326 1077 3403 legibus
1090 3325 1245 3385 interdicta
1257 3337 1338 3385 sunt.

242 3418 316 3487 Quis
331 3419 409 3477 enim
423 3439 550 3497 unquam
568 3419 682 3478 actione
696 3429 799 3477 contra
813 3417 963 3476 dominum
976 3418 1118 3491 instituta,
1134 3435 1259 3490 serrum,
1273 3429 1338 3478 tan·

241 3529 328 3589 quarn
340 3510 386 3570 sui
396 3511 468 3586 juris
482 3511 639 3583 hominem,
655 3530 737 3570 reum
752 3509 866 3587 egerit?

285 3604 331 3662 10.
343 3603 442 3670 ¹Quod
463 3602 487 3661 si
511 3603 575 3681 quis
601 3621 667 3662 eum
693 3601 888 3680 interrogarit,
901 3621 968 3678 quoe
988 3603 1038 3661 tibi
1062 3622 1151 3661 causa
1171 3613 1217 3661 est
1235 3611 1338 3660 contra

172 3695 178 3711 ⁸
242 3693 437 3755 Nicobulum?
458 3694 614 3766 Oderunt,
643 3694 749 3774 inquit,
770 3694 984 3766 Athenienses,
1013 3694 1215 3753 foeneratores:
1246 3693 1336 3754 Nico·

239 3787 326 3847 bulns
339 3799 435 3846 autem
456 3787 613 3847 invidiosus
628 3797 683 3858 est,
698 3797 728 3846 et
742 3786 874 3845 celeriter
887 3786 1028 3854 ambulat,
1042 3795 1073 3843 et
1084 3804 1223 3864 magnum
1238 3793 1336 3860 sonat,

241 3892 272 3939 et
284 3881 421 3940 baculum
436 3879 510 3958 gerit
515 3899 524 3946 ;
548 3885 675 3951 cavero,
689 3879 794 3958 iriquit,
816 3871 843 3938 a'
857 3885 904 3937 me
919 3886 988 3936 sunt
999 3877 1108 3936 omnia.
1151 3877 1225 3936 Haec
1239 3869 1339 3938 dicere

241 3991 300 4030 non
317 3970 471 4041 erubescit,
485 3989 579 4048 neque
602 3989 653 4029 eos
672 3972 722 4049 qui
741 3972 865 4030 audiunt
884 3969 1047 4049 intelligere
1065 3969 1336 4048 putat,'calumnia2

240 4062 311 4121 toris
325 4065 493 4122 esseistam
505 4061 723 4140 cogitationem,
738 4083 798 4123 non
811 4063 875 4143 ejus
890 4063 936 4120 cui
956 4061 1036 4120 sacta
1057 4061 1095 4120 sit
1113 4061 1226 4140 injuria.
1269 4061 1335 4141 Ego

160 4203 174 4214 ,
240 4172 308 4213 vero
321 4155 454 4232 injurium
474 4154 523 4232 qui
540 4164 654 4212 mutuet
668 4165 740 4234 puto
754 4174 819 4214 esse
832 4154 995 4214 neminem:
1015 4163 1044 4212 et
1068 4162 1167 4212 tamen
1189 4152 1335 4231 quosdam

238 4246 341 4306 merito
353 4247 433 4305 vobis
448 4247 555 4306 invisos
570 4266 644 4316 esse,
660 4246 710 4324 qui
733 4256 825 4306 artem
844 4265 880 4304 ex
898 4265 934 4304 ea
953 4265 983 4304 re
1002 4245 1144 4316 fecerunt,
1160 4245 1239 4325 apud
1258 4263 1334 4322 qnos

236 4359 291 4399 nec
302 4339 394 4398 venia
407 4341 465 4399 nec
477 4339 527 4399 ulli
545 4339 585 4399 rei
604 4339 691 4414 ¹locus
712 4346 767 4410 est,
782 4338 830 4418 qui
845 4335 959 4396 animos
973 4336 1003 4395 in
1017 4335 1074 4395 boc
1087 4355 1177 4394 unum
1201 4336 1332 4394 intentos

236 4433 358 4504 habent,
372 4439 404 4491 ut
425 4429 492 4511 plus
512 4431 658 4510 accipiant
677 4449 765 4510 quam
784 4429 935 4490 dederunt.
979 4427 1055 4486 Cum
1075 4427 1152 4493 enim
1168 4445 1248 4505 saepe
1266 4443 1332 4486 mua
