2967 5017
256 331 316 392 672
582 329 625 390 IN
646 327 1000 390 OLYMPlODORUll.

252 485 376 548 cltum:
397 497 427 546 et
439 483 582 544 buerunt
594 501 660 562 qum
672 493 793 562 uterqtm
805 493 937 545 utrum
947 481 1060 544 inbuit
1098 480 1136 542 In
1148 489 1342 561 purtem

253 577 452 660 Olympiodori
465 595 541 638 unus
556 577 609 637 luit
623 596 640 636 e
652 576 838 657 sopluieriis,
850 597 940 657 qm
954 578 1009 638 sihi
1020 575 1191 638 fidininu
1207 594 1275 636 esse
1285 595 1341 656 pn·

252 673 335 732 tabat
355 671 476 730 Conon:
498 689 603 732 nomen
617 669 726 732 homini
739 681 786 730 est
800 670 947 731 Moschio.
989 671 1019 732 ls
1037 669 1343 730 iumrlusnorstou

252 775 357 824 cetera
371 763 432 824 iere
444 765 574 824 Cononis
586 763 693 834 omnis,
701 773 765 822 tum
777 763 828 822 abi
840 764 998 842 repositum
1008 772 1165 841 ugonem
1173 771 1255 821 esset
1264 763 1344 841 qaod

252 854 329 914 domi
341 853 484 916 habuerat
496 857 610 916 Conon.
638 857 686 916 Ac
700 855 826 916 laeserat
839 875 912 916 sane
921 856 1074 918 Cononem
1086 865 1231 934 proveeta
1243 856 1342 916 temus

250 943 396 1006 hominem
409 957 440 1007 et
454 949 503 1026 qui
528 948 615 1007 fidem
635 947 677 1006 illi
691 946 823 1019 haberet,
835 947 917 1008 illurn
935 967 1052 1008 serrum
1068 946 1277 1008 Moschionern
1291 967 1343 1028 pe·

250 1038 366 1100 cuniam
393 1040 536 1100 suffurari.
586 1041 715 1100 Primum
738 1039 828 1119 igitur
851 1040 879 1100 ei
905 1041 1065 1100 sustulerat
1083 1040 1164 1100 mille
1188 1039 1343 1102 drachmas

252 1132 369 1192 seorsim
381 1135 491 1212 positas
505 1152 523 1192 a
542 1131 660 1213 reliquis
674 1135 809 1202 nummis,
824 1133 931 1194 deinde
943 1133 1016 1194 alise
1027 1133 1216 1212 septuaginta
1229 1132 1343 1194 minu:

250 1232 281 1283 et
293 1222 358 1284 hec
370 1223 435 1302 ejus
454 1225 587 1286 facinora
599 1225 703 1286 Conon
717 1224 1066 1294 hardoninadverterate
1085 1225 1174 1303 idque
1188 1235 1344 1303 argentm

251 1333 338 1374 omne
351 1316 440 1376 homo
452 1318 482 1376 in
500 1327 602 1397 suapte
623 1327 770 1398 potestate
786 1317 924 1378 habebut.
963 1317 1033 1377 Non
1045 1317 1138 1376 molto
1151 1326 1249 1376 eutem
1266 1327 1345 1396 post,

251 1407 385 1479 ludices,
400 1427 488 1488 quern
503 1428 555 1470 nos
575 1411 653 1470 bona
666 1409 861 1479 diviseremus,
875 1421 939 1471 orta
951 1421 999 1470 est
1011 1411 1139 1490 surpdo
1157 1409 1294 1488 quedam
1303 1411 1345 1472 de

253 1498 305 1559 illo
328 1498 445 1560 homine
469 1519 574 1580 resque
596 1493 786 1562 animadverti
805 1501 903 1582 ooepit„
944 1501 989 1560 Ex
1011 1521 1048 1562 ea
1065 1501 1230 1582 suspicione
1248 1501 1344 1562 risum
1466 1565 1469 1575 ,

253 1591 322 1652 mihi
337 1592 392 1652 luit
415 1601 446 1654 et
460 1593 669 1674 Olympiodoro
682 1595 873 1674 questionem
889 1613 955 1654 esse
972 1594 1011 1654 de
1032 1595 1149 1654 homine
1168 1594 1344 1655 hahendam.

251 1687 326 1746 ‘tum
340 1689 437 1763 homo,
451 1688 579 1762 Judioes,
599 1689 663 1770 ipse
680 1689 718 1750 de
737 1710 770 1750 se
790 1690 929 1750 indicium
948 1689 1019 1750 iecit
1038 1691 1208 1769 priusquam
1225 1698 1345 1767 torque·

252 1791 340 1852 retur,
355 1801 387 1842 se
401 1782 479 1842 mille
497 1783 651 1844 drachmas
671 1783 789 1844 Coroni
807 1782 990 1863 surripuisse,
1006 1792 1038 1842 et
1050 1781 1130 1862 apud
1142 1799 1176 1841 sc
1190 1799 1256 1842 esse
1269 1781 1345 1842 dixit

252 1873 392 1952 quicquid
415 1886 620 1955 consumptum
642 1893 699 1935 noo
720 1886 819 1934 esset:
840 1875 877 1935 de
898 1878 1008 1952 maiore
1025 1885 1124 1934 eutero
1139 1873 1276 1951 pecuniis
1289 1891 1344 1932 nn·

250 1983 331 2024 mero
344 1977 406 2024 turn
418 1966 536 2025 omnino
551 1967 650 2026 tacuit.
686 1967 724 2026 Et
738 1967 892 2025 drachmas
904 1966 1019 2026 circiter
1033 1973 1187 2024 sexcentas
1205 1964 1345 2025 reddidit.

252 2055 348 2134 liujus
371 2055 504 2134 pecunie,
526 2067 560 2114 ut
573 2074 626 2134 pro
640 2056 711 2115 dats
729 2068 830 2115 mutuo
849 2055 907 2114 fide
926 2065 1011 2114 etex
1028 2055 1216 2134 pactisspod
1227 2056 1345 2140 liudpo-

250 2147 356 2206 clidem
369 2146 442 2217 sitis,
455 2157 490 2204 ut
508 2157 539 2206 et
553 2147 664 2226 justum
680 2156 710 2207 et
721 2165 838 2226 aequum
847 2157 921 2217 eret,
939 2145 1088 2208 semissem
1101 2165 1158 2222 ego
1169 2148 1284 2226 accepi,
1295 2167 1345 2208 se·

250 2238 366 2298 missern
376 2236 613 2318 Olympiodorus.

289 2336 320 2390 4.
342 2331 408 2390 Nou
424 2331 514 2390 multo
531 2341 599 2409 post
613 2349 650 2390 ex
664 2350 699 2390 es
712 2330 878 2409 suspicione
896 2327 936 2389 de
949 2347 1033 2388 serso
1046 2339 1078 2388 et
1090 2327 1217 2408 pecums
1228 2327 1348 2390 reddite

251 2422 340 2482 vinxit
363 2422 506 2480 hominem
521 2435 550 2482 et
573 2422 657 2482 torsit
674 2422 738 2502 ipse
752 2421 844 2492 solus,
864 2422 948 2482 nohis
967 2441 1025 2480 non
1042 2419 1204 2493 accersitis,
1215 2440 1283 2481 cum
1292 2427 1344 2497 ju·

250 2521 343 2572 resset
362 2514 553 2573 communiter
572 2533 604 2573 se
621 2515 810 2593 quesiturunr
829 2525 862 2574 et
879 2523 1012 2574 acturum
1027 2533 1093 2574 esse
1107 2533 1221 2574 mecum
1234 2514 1343 2574 omnis.

252 2609 329 2668 Tum
344 2609 431 2668 horno
441 2609 585 2668 contentis
599 2609 723 2669 fidiculis
737 2609 891 2670 coufessus
902 2619 957 2678 est,
970 2609 1104 2679 ludices,
1120 2629 1152 2670 se
1169 2617 1203 2668 et
1222 2619 1343 2688 septus·

250 2701 331 2780 ginta
354 2701 448 2766 minas
470 2701 587 2772 habere,
613 2701 727 2763 Cononi
750 2713 917 2782 surreptas:
942 2721 1030 2781 quarn
1053 2701 1206 2782 pecuniam
1225 2721 1343 2762 omnem

250 2791 460 2876 Olympiodoro
470 2794 606 2856 restituit.
632 2795 696 2874 Ego
708 2813 787 2866 vero,
797 2795 928 2865 ludices,
938 2794 994 2854 hac
1007 2814 1038 2854 re
1052 2793 1161 2863 audite,
1169 2793 1258 2854 istum
1272 2792 1343 2852 mihi

250 2887 410 2960 semissem,
424 2887 500 2947 sicut
513 2889 591 2966 prius
607 2887 697 2948 etism
713 2887 751 2947 de
770 2887 848 2946 mille
865 2886 1012 2946 drachmis
1028 2886 1149 2958 fecerat,
1161 2884 1344 2944 redditorum

249 2981 397 3058 putabam.
431 2980 473 3039 Ac
488 2979 628 3060 principio
642 2999 700 3038 non
714 2979 800 3038 valde
812 2997 883 3038 sane
897 2977 923 3038 ei
937 2977 1091 3049 instabam,
1101 2977 1269 3038 existimans
1279 2977 1342 3041 fote

249 3081 282 3130 ut
302 3073 365 3152 ipse
383 3073 420 3131 de
443 3092 473 3130 re
487 3080 626 3130 statueret
643 3089 677 3130 ac
697 3070 751 3128 sibi
774 3069 901 3148 mihique
919 3069 961 3128 ita
973 3071 1160 3149 prospiceret,
1173 3080 1208 3130 ut
1226 3069 1341 3148 utrique

250 3181 334 3220 suum
344 3165 394 3240 jus
418 3161 589 3221 redderetur
606 3181 642 3220 ex
661 3161 852 3240 jurejurando
867 3173 899 3222 et
912 3162 1007 3240 pectis
1028 3163 1105 3221 inter
1126 3181 1181 3222 nos
1202 3161 1288 3222 iactis
1302 3161 1340 3221 de

249 3252 354 3329 equali
378 3251 578 3310 distributione
600 3271 699 3312 eorum
718 3251 846 3310 omnium
868 3272 935 3331 quse
952 3253 1056 3314 Conon
1073 3253 1253 3331 reliquisset:
1274 3272 1341 3312 cum

250 3363 316 3402 vero
326 3362 421 3402 moras
434 3343 628 3421 interponeret
641 3343 774 3422 nihilque
786 3344 1195 3426 proetereufflympiodorom
1209 3346 1341 3425 alloquor

249 3447 279 3495 et
292 3454 384 3496 meam
398 3435 466 3494 mihi
481 3434 562 3494 reddi
576 3446 687 3515 portem
698 3436 862 3518 postulo,is
877 3448 973 3498 autem
988 3457 1100 3517 semper
1113 3448 1275 3518 praetexere
1288 3437 1341 3500 eli·

247 3527 359 3607 quidet
373 3546 467 3586 moras
483 3537 609 3588 nectere.

288 3623 318 3678 5.
339 3619 455 3678 lntcrim
470 3630 500 3678 et
520 3619 567 3678 alii
582 3619 699 3698 quidam
714 3619 744 3678 in
758 3620 886 3681 Cononis
899 3620 1096 3681 hereditatem
1109 3632 1211 3700 agunt,
1226 3631 1257 3681 et
1270 3621 1340 3682 Cal·
1359 3613 1363 3620 ’

247 3711 355 3792 lippus,
368 3713 455 3770 irater
470 3731 550 3771 meus
565 3731 729 3790 germanus,
750 3731 871 3793 peregre
891 3714 1010 3774 domum
1031 3731 1162 3774 resersus
1181 3712 1279 3773 statim
1294 3735 1341 3775 se-

248 3805 365 3865 missem
383 3803 562 3864 haereditatis
581 3804 672 3884 petit:
695 3825 762 3884 qum
773 3815 836 3864 tum
851 3807 1060 3887 Olympiodoro
1074 3825 1167 3866 causa
1180 3805 1238 3866 fuit
1249 3825 1340 3885 pecs·

247 3897 303 3955 nire
316 3897 386 3957 mihi
399 3917 457 3957 non
470 3897 637 3969 reddendo,
651 3897 731 3978 quod
745 3897 828 3957 multi
842 3911 941 3959 essent
950 3900 999 3978 qui
1017 3900 1101 3960 nohis
1114 3899 1341 3959 controversiam

248 3985 386 4049 iacerent.
429 3989 482 4050 Me
504 3989 592 4070 igitur
614 4001 788 4070 exspectare
810 4004 942 4071 oportere
967 3991 1096 4066 dicebat,
1112 3991 1208 4050 donec
1225 3990 1342 4068 judicie

248 4077 327 4139 locta
339 4093 455 4142 essent:
477 4081 545 4142 mihi
559 4101 627 4142 vero
641 4101 763 4141 necesse
776 4094 838 4144 erat
850 4103 885 4142 es
898 4083 1068 4154 concedere,
1079 4084 1224 4143 concessi.
1266 4083 1342 4144 Post

248 4169 311 4230 hec
324 4174 392 4232 mihi
407 4185 437 4234 et
451 4175 661 4256 Olympiodoro
681 4176 882 4248 communiter,
894 4187 928 4233 ut
944 4175 1155 4254 juraveramos,
1177 4176 1340 4238 deliberan-

248 4262 333 4336 tibus,
345 4285 404 4343 qua
426 4268 537 4328 ratione
560 4270 667 4348 optime
688 4267 888 4348 tutissimeque
909 4269 1080 4330 adversariis
1099 4270 1213 4331 occurri
1228 4283 1341 4352 posset,

248 4356 341 4416 rhum
359 4369 416 4430 est,
428 4359 559 4436 ludices,
575 4362 817 4443 olympiodorum
836 4373 928 4422 totam
947 4363 1001 4424 sihi
1020 4363 1223 4426 haereditatem
1237 4365 1340 4425 rendi·

115 4531 123 4546 ·
247 4468 459 4523 cereniorem
473 4453 540 4512 inihi
554 4457 705 4516 semissem
717 4467 871 4535 oportere:
892 4455 1128 4548 quandoquidem
1142 4468 1172 4519 et
1183 4457 1340 4538 Callippum
