2967 5017
269 569 361 630 rarior
373 570 482 632 riribna
495 572 534 633 ab
551 573 631 632 omni
651 583 736 653 parte
753 573 905 637 onffnltor:
926 571 1115 636 nihilominno
1135 580 1236 632 tmen
1249 568 1312 650 ipre
1331 569 1368 628 in

224 694 229 702 =
269 681 306 727 et
318 681 387 741 qna
395 665 506 744 popolo
516 666 738 728 commodarent
745 667 951 738 incumbebatr
973 685 1009 729 oo
1017 675 1122 749 water
1133 673 1253 726 amna
1263 661 1368 744 paam

268 765 302 814 et
322 755 442 818 dioebat
460 770 493 818 at
511 761 620 839 agebat
638 777 676 820 aa
697 779 765 839 qna
791 759 1019 821 conveniebant:
1049 759 1089 820 ob
1111 777 1179 837 qna
1198 753 1308 826 onan,
1328 763 1369 814 art

269 865 372 909 ornnea
389 861 507 923 norant,
529 851 571 912 aa
591 852 767 933 rappiieinm
792 852 1017 934 depascebatur.
1057 849 1246 930 sarpam
1265 846 1368 926 igitur,

269 949 303 1000 nt
322 942 464 1023 prinoipio
475 945 546 1018 dixi,
559 955 591 1005 et
601 943 633 1006 in
645 944 722 1006 iiiior
734 947 878 1025 gratiam:
900 946 1066 1008 notitam
1086 961 1152 1004 anm
1172 953 1203 1003 et
1214 939 1298 1001 vobio
1309 957 1367 1000 ex·

267 1033 369 1114 pedire
378 1047 490 1116 potam,
501 1046 534 1097 nt
546 1037 682 1099 eonvioia
690 1057 758 1116 qne
772 1039 851 1119 apud
864 1037 1021 1101 antemio
1039 1055 1092 1098 roa
1104 1035 1243 1095 dieantur
1254 1031 1366 1104 naioth

270 1127 364 1188 annito
383 1129 478 1210 magio
490 1129 531 1192 ad
543 1130 643 1192 literar
660 1131 819 1192 mittendae
839 1150 905 1192 rnnr
926 1130 1076 1192 inritator.
1117 1125 1191 1188 Peto
1208 1135 1316 1196 anton,
1328 1133 1366 1184 ¹¹¹

268 1220 320 1298 qni
332 1223 468 1300 privatior
479 1223 521 1284 iiii
533 1223 623 1304 iniqui
637 1233 716 1295 anat,
730 1243 800 1284 vara
812 1236 844 1284 et
855 1243 941 1304 aqna
953 1223 991 1283 da
1001 1241 1038 1283 ao
1052 1219 1153 1283 audire
1166 1237 1227 1278 non
1240 1233 1365 1296 praem·

267 1322 326 1372 tor.
368 1315 432 1377 Nae
445 1317 533 1389 eninr,
547 1316 751 1389 Athenienses,
766 1317 909 1396 ignorara-
921 1315 1043 1387 debotia
1065 1308 1272 1373 existimationi
1283 1309 1365 1370 nrbia

269 1423 307 1464 ex
319 1405 366 1466 hir
382 1427 450 1488 qna
462 1409 494 1468 in
508 1410 572 1490 ejna
585 1409 693 1469 iiberoa
705 1409 786 1469 faeta
799 1419 869 1470 anot
887 1409 984 1469 labem
998 1405 1145 1486 adrpargi.
1177 1403 1272 1464 Nemo
1284 1399 1364 1464 eninr

270 1497 442 1560 Groecornm
455 1501 579 1580 ignorat,
592 1520 646 1561 roa
658 1501 767 1562 virenti
781 1501 919 1583 Lycurgo
933 1518 1063 1561 anmmor
1073 1497 1199 1558 honoror
1216 1494 1364 1566 nebahan,

268 1609 393 1670 onmqoe
406 1595 435 1654 ei
446 1593 571 1673 piurima
582 1593 704 1654 erimina
722 1595 762 1654 ab
783 1595 847 1675 ejnr
869 1593 975 1654 invidia
996 1592 1235 1674 impingerentnr,
1248 1587 1364 1650 nain

268 1703 396 1764 unquam
424 1706 525 1748 varam
540 1687 778 1767 deprehendisse,
800 1697 914 1748 tantam
936 1695 1033 1749 antam
1056 1683 1146 1744 iidem
1169 1679 1310 1742 bobtriare
1332 1689 1365 1740 at

267 1799 328 1860 pra
343 1779 477 1841 omnibor
490 1781 659 1861 popularem
674 1780 881 1861 judicassent
904 1780 941 1840 de
963 1777 1061 1839 multia
1074 1775 1172 1838 cauria
1191 1793 1209 1834 a
1227 1773 1292 1834 oola
1306 1773 1365 1854 ny·

269 1875 353 1953 cnrgi
364 1871 553 1933 affirmatione
574 1873 893 1946 sententiam'ferretir‚
907 1889 1001 1951 eaque
1015 1869 1096 1930 vobin
1119 1866 1190 1928 tatia
1211 1877 1308 1926 anat:
1330 1865 1364 1926 id

267 1967 347 2046 qnod
361 1966 478 2025 minime
490 1965 646 2036 fecissetis,
658 1965 715 2025 nioi
727 1965 810 2025 vobis
824 1965 903 2026 viana
923 1964 1029 2023 inisset
1047 1961 1135 2020 horno
1149 1957 1362 2038 integerrimae.

267 2059 356 2119 Nnno
378 2058 466 2137 igitur
485 2076 597 2127 omnen,
613 2057 665 2135 qui
677 2057 752 2118 fliioa
767 2057 830 2137 ejnr
842 2058 872 2117 in
886 2055 1010 2116 vinouiia
1030 2071 1098 2115 erra
1113 2051 1247 2124 audiant,
1266 2051 1363 2112 etde·

266 2149 400 2210 innatum
412 2143 596 2220 miserantur,
609 2158 641 2210 et
652 2148 807 2210 liberorum
824 2149 886 2229 ejua
900 2157 934 2208 ut
946 2167 1014 2208 oum
1026 2145 1132 2226 quibua
1145 2144 1245 2222 iniqua
1258 2153 1365 2223 agatur

268 2242 361 2304 vinem
375 2241 487 2314 dolent,
500 2261 554 2302 voa
567 2261 636 2302 vero
649 2251 708 2301 tarn
722 2240 829 2301 acerbe
844 2241 1034 2312 insectantur,
1050 2248 1080 2298 ut
1095 2256 1152 2316 ego
1166 2237 1291 2296 mribere
1304 2255 1367 2296 non

270 2336 384 2396 anaim:
405 2354 472 2394 narn
481 2353 517 2393 aa
528 2353 596 2412 ane
608 2333 716 2392 inritae
724 2333 814 2393 audio
827 2343 983 2413 etpropter
991 2351 1044 2392 voa
1059 2329 1260 2394 defendendae
1269 2348 1364 2407 qnan-

267 2437 331 2487 tnrn
345 2445 466 2506 porrum
479 2426 586 2497 refuto,
600 2437 723 2486 antenna
737 2434 772 2484 ut
784 2425 867 2485 vobio
888 2424 1015 2484 indicem
1028 2422 1135 2483 multos
1148 2439 1213 2481 erra
1225 2441 1244 2482 a
1257 2421 1365 2499 qnibno

267 2517 529 2600 reprehendamini,
543 2518 624 2597 qnod
638 2518 714 2578 aaitu
727 2515 810 2578 rabia
828 2537 895 2579 aare
908 2517 989 2578 utilia
994 2515 1175 2596 judicabam,
1188 2513 1301 2592 scripti,
1314 2533 1365 2574 aa·

266 2623 368 2672 curare
382 2619 480 2671 antero
493 2611 656 2672 adimerem
673 2611 827 2672 molentum
836 2611 950 2692 judico.
993 2610 1070 2678 Qua
1079 2623 1148 2668 varo
1159 2607 1223 2668 aaa
1232 2609 1365 2668 convicio

266 2725 285 2766 a
307 2705 481 2786 quibusdam
498 2705 644 2778 dicantar,
657 2714 688 2780 et
708 2704 811 2764 auditu
835 2703 897 2764 fore
917 2702 1000 2763 utilia
1019 2699 1103 2761 vobio
1124 2700 1256 2772 arbitror,
1271 2700 1365 2780 nigni-

264 2795 369 2859 ficnbo.
412 2795 508 2858 Nemo
535 2816 588 2858 ros
611 2815 809 2876 pererratam
835 2805 864 2856 et
886 2794 1066 2875 ignoratione
1092 2793 1152 2853 vari
1170 2791 1212 2851 ita
1234 2791 1273 2852 rie
1297 2791 1364 2872 ipao

266 2889 401 2971 Lycurgo
414 2899 541 2951 statuere
554 2889 715 2950 exirtimat.
744 2889 820 2948 Nom
834 2897 865 2948 et
877 2887 998 2967 longam
1008 2885 1145 2966 temporie
1155 2883 1292 2963 apetiam,
1301 2903 1364 2964 qno

265 2983 435 3061 exploratur
448 2981 519 3041 nihil
538 3000 668 3060 unquam
681 2993 783 3041 eontra
796 2998 847 3039 ror
861 2979 907 3038 vai
921 2978 1049 3058 cogitare
1061 2976 1109 3036 rai
1122 2993 1210 3054 ogere
1223 2975 1366 3056 injurtam

265 3073 467 3154 deprebensae
480 3084 536 3144 eat,
549 3083 581 3134 et
593 3073 666 3132 iilud
685 3072 766 3151 qnod
780 3070 944 3132 mortalium
965 3088 1052 3138 nemo
1070 3068 1139 3128 uilia
1152 3066 1216 3128 aliia
1225 3069 1262 3128 in
1273 3070 1364 3129 mitae

264 3185 319 3225 voa
351 3165 481 3244 atnporir
508 3165 615 3242 arguit,
630 3163 734 3224 merito
756 3163 841 3224 irtam
864 3163 941 3224 tollit
962 3163 1136 3243 ignorantie
1156 3159 1365 3240 rnopioionenr.

265 3255 373 3315 Raatat
397 3255 495 3335 igitur,
508 3254 589 3334 qnod
612 3275 714 3317 ornnes
738 3255 819 3317 haud
842 3255 919 3336 frugi
937 3255 1087 3316 hominnm
1110 3271 1174 3312 aare
1195 3251 1304 3326 dionant,
1326 3263 1364 3314 nt

264 3345 404 3426 tantisper
417 3345 560 3428 onjnaqne
573 3367 683 3420 curam,
697 3347 769 3410 dum
782 3348 846 3430 ejna
859 3347 943 3408 vobin
953 3365 1022 3410 nant
1032 3356 1087 3419 ert,
1097 3363 1184 3424 agere
1194 3345 1362 3418 rideamini,

264 3449 332 3520 port
345 3437 457 3500 nullam
473 3440 615 3501 radonem
630 3441 774 3503 habentia.
824 3441 922 3511 Quam
940 3439 1016 3502 enirn
1038 3439 1125 3500 aliam
1144 3457 1197 3499 roa
1220 3439 1364 3508 dainnnto

264 3530 387 3610 gratiam
409 3529 552 3592 relaturos
575 3543 806 3596 consentaneum
820 3543 876 3606 eat,
896 3551 961 3594 anm
973 3534 1036 3614 ejnn
1050 3531 1158 3593 liberor
1170 3544 1201 3592 et
1214 3531 1363 3594 matimo-

261 3621 371 3683 tionem
387 3621 457 3681 ledi
472 3621 633 3697 rideamne,
647 3643 714 3705 qna
728 3625 802 3697 oola,
813 3634 846 3684 nt
859 3623 889 3685 in
910 3633 975 3686 tuto
988 3624 1177 3694 aoiiooantnr,
1190 3624 1278 3684 etiam
1298 3641 1363 3686 rao-

261 3715 402 3776 riantibua
415 3714 551 3776 omnibns
564 3735 642 3776 aare
660 3717 750 3779 ronti
769 3719 837 3779 Jarn
855 3737 911 3778 nea
925 3717 998 3778 iliad
1011 3719 1155 3778 bonorum
1174 3718 1301 3776 virorem
1315 3728 1364 3778 aot

261 3819 295 3868 nt
306 3811 364 3872 iata
376 3809 508 3891 pecnnia
522 3809 617 3890 gratia
626 3809 724 3873 iecora
731 3812 903 3874 videantur:
925 3812 955 3873 id
966 3813 1045 3894 qnod
1058 3831 1153 3892 neque
1166 3811 1362 3892 magnitudini

261 3901 349 3962 animi
362 3911 478 3974 rantra,
492 3921 547 3961 neo
561 3903 672 3982 reliquo
681 3905 751 3964 vitra
764 3905 896 3965 inatitnto
911 3921 1073 3985 oongruere
1084 3903 1246 3985 apparebit
1280 3901 1363 3964 iiam

263 3993 287 4053 ai
301 3995 384 4055 vobin
396 3993 437 4054 iili
452 3995 527 4054 tanti
540 3997 577 4055 ab
590 3996 654 4056 aliia
669 3996 829 4058 redimendi
843 4007 951 4070 errent,
965 4017 982 4057 e
1000 4011 1098 4058 restro
1111 3997 1212 4058 aerario
1226 3996 1362 4076 dopmni-

261 4095 315 4164 pta
336 4086 470 4166 pecnnia,
484 4087 516 4146 id
532 4107 586 4147 vor
610 4107 712 4149 omnen
735 4087 843 4170 cupide
866 4089 997 4150 facturos
1014 4089 1229 4151 existimarem:
1262 4088 1301 4148 da
1323 4105 1362 4150 eo

260 4194 341 4250 vero,
354 4179 435 4257 qnod
449 4197 499 4258 per
513 4179 690 4241 oninmniom
703 4191 735 4242 et
747 4201 783 4242 ex
799 4181 907 4242 invidia
916 4181 1027 4242 facturn
1040 4182 1088 4254 ait,
1107 4201 1166 4243 non
1178 4183 1274 4242 habeo
1286 4181 1362 4260 qnid

262 4277 399 4342 statuam,
415 4271 469 4330 nini
491 4291 610 4351 protana
625 4273 729 4334 aoer'oa
742 4274 878 4334 insectari
892 4285 924 4334 at
944 4275 1114 4356 proturbare
1134 4275 1293 4356 populares
1307 4273 1363 4334 ho·

260 4363 353 4421 mines
365 4362 538 4423 inotitniatia.
561 4365 690 4434 Quadri
704 4365 745 4426 ita
759 4377 814 4438 eat,
829 4385 925 4445 neque
939 4378 1018 4428 reate
1032 4387 1128 4447 neque
1142 4367 1362 4429 oratiotionem
