2967 5017
652 15 660 18 ,
675 13 792 46 *''''''.'''.

192 341 408 404 romarus
431 293 1144 436 nsusrnlcnnsrsr‘rrrroarrsmn
1158 345 1224 406 rra

125 495 250 578 llorpori
263 509 364 568 esset:
385 516 445 580 qno
458 498 634 562 Damnatus
648 497 801 580 nunquam
812 498 988 579 renitt'quo
1002 509 1091 578 puoto
1101 497 1222 578 exegit?

74 645 84 660 ,
125 593 165 650 At
179 591 309 652 Hercule
322 592 410 665 misit,
424 593 536 671 inquiet
553 593 669 672 aliquis,
682 595 733 672 qni
747 591 887 672 exigeret.
928 592 964 650 ld
976 609 1047 652 raro
1066 593 1109 650 ita
1120 592 1219 651 consi·

125 685 236 745 dente.
250 727 254 737 .
279 685 390 746 Debuit
398 686 568 746 Hermone:
581 697 706 746 stateres
719 699 851 759 connum,
860 685 1219 763 aNansicrsteacceptcs.

124 777 254 838 latorum
266 789 347 840 tntot
360 789 394 839 et
401 789 515 840 curator
530 779 740 850 Aristaechrqus
753 780 812 840 fuit
823 779 953 840 sedecim
966 797 1070 841 annos.
1090 815 1093 820 -
1113 778 1226 857 Neque

124 887 204 942 raro,
228 889 316 949 qnam
339 870 534 932 istis·adnltis
556 872 712 951 pecuniam
734 891 834 933 coram
853 873 919 952 ipse
938 870 1027 932 solvit
1040 871 1221 943 Hermonm
1282 949 1288 956 .

124 977 190 1020 sun
201 961 343 1036 reddidit,
361 961 433 1024 dum
453 963 538 1042 pueri
554 974 670 1024 erunt:
691 964 883 1044 nequeenim
904 963 952 1024 b'n
973 959 1098 1022 eandam
1117 978 1226 1023 numa-

124 1051 208 1112 rarit.
250 1051 305 1114 Est
325 1071 393 1114 vern
412 1055 567 1134 qnisquam
580 1054 746 1136 mog-talium
760 1055 802 1118 ita
814 1056 940 1136 ineptus,
954 1067 998 1127 ut,
1010 1065 1080 1134 quta
1096 1073 1134 1114 ne
1152 1055 1224 1115 redi

125 1142 211 1204 deret
229 1144 312 1224 ipsos
331 1143 466 1207 domnos
489 1147 599 1207 tamdm
621 1147 718 1220 elusit,
732 1168 770 1208 ea
787 1147 831 1208 illi
843 1147 895 1226 qui
907 1148 1043 1208 dominns
1056 1167 1116 1208 non
1129 1159 1221 1224 esset,

125 1237 222 1297 missis
234 1238 334 1312 literis,
348 1239 426 1300 ultro
442 1239 627 1300 numeraret?
655 1237 800 1318 Equidem
813 1259 874 1300 non
890 1239 1022 1300 arbitror.
1063 1234 1106 1298 Ut
1119 1247 1219 1299 autem

124 1345 172 1386 me
193 1347 263 1390 vera
284 1329 394 1404 dicere,
406 1339 438 1390 et
457 1342 570 1410 petrem
591 1332 690 1392 statim
714 1343 784 1412 post
799 1333 1027 1393 nannetionem
1048 1332 1167 1406 obiisse,
1189 1343 1221 1408 et

123 1415 316 1481 Demaretrim
328 1441 476 1502 nunqnam
489 1421 528 1484 ab
542 1421 605 1484 istis
618 1423 656 1486 de
675 1443 712 1484 ea
730 1425 858 1505 pecnnia
877 1424 910 1484 in
928 1422 979 1504 jus
991 1435 1128 1485 vocatum
1142 1443 1219 1498 esse,

122 1529 221 1591 neque
243 1513 370 1593 deniqne
391 1523 542 1596 'quoquam
563 1515 718 1596 navigasse
742 1535 840 1596 neque
865 1516 938 1578 illuc
957 1515 1122 1596 molentum
1141 1533 1237 1594 esse„

121 1614 252 1678 constet,
266 1625 342 1686 cape
354 1607 420 1668 berc
433 1608 610 1668 testimonia.
859 1607 864 1616 ’

537 1793 807 1858 TESTIMONIA.

119 1933 252 1994 Proinde
275 1956 368 2014 neque
398 1947 512 2016 patrem
537 1949 606 2018 post
628 1937 855 1998 transactionem
880 1937 1035 2016 pecuniam
1062 1937 1225 2017 redegisse,⁴

121 2045 220 2106 neque
244 2041 350 2108 sponte
372 2049 538 2109 quenquam
560 2031 652 2091 luisse
672 2029 813 2090 daturum
833 2026 858 2088 si
872 2029 1002 2089 misisset
1019 2029 1090 2090 illuc
1109 2029 1218 2092 Dema·

78 2113 87 2126 ⁸
122 2130 215 2192 retus,
228 2141 286 2183 nec
299 2122 325 2182 si
339 2121 400 2200 ipse
413 2123 582 2202 navigasset
595 2130 648 2182 ant
663 2121 733 2182 illuc
747 2114 938 2200 pervenisset,
952 2121 1037 2182 robis
1056 2132 1088 2180 et
1106 2131 1227 2203 tempo-

122 2211 206 2274 ribus
214 2225 246 2274 et
259 2213 383 2275 testibus
397 2224 445 2274 est
457 2213 648 2274 declaratum.

163 2307 194 2365 4.
209 2307 308 2385 Atque
323 2307 398 2366 adeo
410 2305 443 2364 in
454 2305 622 2366 universum
633 2304 788 2365 ostendam
801 2323 854 2364 eos
876 2313 969 2363 totam
989 2321 1053 2362 rem
1074 2303 1221 2364 ementiri.

126 2399 177 2470 nn
188 2397 219 2462 in
232 2417 308 2471 eam,
321 2416 382 2476 qua
394 2417 450 2458 nos
463 2397 551 2456 modo
564 2415 628 2457 reos
641 2406 746 2475 agunt,
759 2395 981 2455 accusationem
997 2393 1220 2475 inscripserunt,

123 2489 232 2552 debere
244 2509 299 2551 nos
312 2489 477 2570 pecuniam,
490 2508 584 2570 quam·
594 2499 678 2568 pater
695 2487 847 2566 renonent,
859 2506 928 2547 cum
942 2485 972 2546 id
985 2505 1027 2546 res
1041 2487 1169 2550 alimum
1186 2487 1227 2548 in.
1308 2477 1318 2492 '

124 2582 226 2642 tutelae
247 2581 419 2654 rationibus,
433 2590 468 2641 nt
487 2579 567 2660 qnod
588 2579 753 2640 deberetur
764 2578 874 2657 adhuc,
896 2578 1077 2640 tradidisset.
1116 2579 1220 2659 Ipsam

124 2673 342 2736 accusationem
355 2692 429 2753 cape
443 2683 475 2733 et
485 2672 588 2734 recita.

544 2856 795 2920 Accusntlo.

125 3001 243 3066 Auditis
270 3005 300 3064 in
332 3001 519 3065 accusatione
547 2999 686 3080 scriptum
714 3016 780 3058 esse
811 3015 897 3056 cnm
935 2993 1026 3055 mihi
1055 2995 1226 3068 Aristoe·‚
1298 3032 1302 3036 ·

124 3093 263 3158 chmnr
297 3096 338 3155 id
367 3116 419 3155 aes
449 3093 626 3154 alianum
656 3088 855 3150 intuteloe
882 3087 1119 3148 rationibus
1142 3098 1220 3149 tra·

126 3190 211 3251 didi
223 3188 329 3249 sset?
360 3188 400 3246 At
418 3205 485 3247 cum
507 3194 617 3270 patrem
635 3181 742 3240 tutelae
757 3196 837 3239 reum
856 3177 996 3252 lacerent,
1009 3179 1057 3238 his
1074 3179 1221 3242 contraria

125 3284 326 3366 scripserunt:
348 3288 469 3360 apparet
482 3277 559 3338 enirn
573 3295 623 3335 eos
637 3274 662 3334 ci
682 3285 713 3333 et
725 3273 783 3332 hoc
796 3281 832 3332 ut
843 3273 973 3331 nondum
988 3271 1086 3332 relatis
1101 3271 1220 3362 rationi·

123 3379 181 3436 bus
203 3373 379 3456 objectasse.
422 3369 528 3430 Recita
549 3368 642 3450 ipsam
665 3362 824 3438 actionem,
837 3383 925 3444 quam
947 3375 1010 3422 turn
1027 3365 1103 3443 patri
1124 3365 1219 3428 inten-

124 3469 241 3529 derunt.

548 3622 791 3685 ACCUSATIO.

126 3781 196 3849 Qua
207 3777 296 3857 igitur
308 3775 431 3844 ratione,
444 3770 599 3832 tradidisse
612 3787 691 3838 curn,
705 3784 785 3826 nunc
805 3764 887 3843 queri
906 3762 1042 3845 potestis,
1055 3762 1226 3841 Xenopitbe

126 3883 158 3932 et
170 3867 389 3940 Nausimacbei
409 3866 484 3924 Tum
495 3861 582 3932 enim,
595 3859 691 3937 utqui
705 3875 765 3919 non
779 3855 957 3926 tradidisset,
970 3855 1000 3914 in
1009 3855 1060 3934 jus
1070 3855 1226 3916 vocabatis·

125 3959 325 4041 etpecnniarn
338 3957 549 4038 postulabatis:
573 3971 654 4012 nnnc
672 3950 758 4029 qnasi
770 3948 923 4014 tradiderit
936 3944 1091 4008 accusatis.
1132 3945 1227 4014 Quod
1257 4011 1261 4016 .

128 4056 153 4115 si
173 4065 328 4130 utramque
351 4051 381 4110 in
403 4059 516 4129 partem
536 4045 619 4106 robis
638 4040 809 4104 calumniari
826 4039 938 4110 licebit,
950 4051 983 4098 et
1004 4055 1082 4123 nunc
1102 4049 1227 4117 propter

127 4146 284 4226 pecunitrn
307 4161 368 4202 non
390 4139 525 4202 traditam
539 4135 691 4203 vexabitis,
707 4151 787 4194 nnnc
805 4141 924 4212 propter
945 4126 1081 4191 traditam
1101 4141 1226 4190 acerram

128 4237 208 4310 bitis,
221 4234 294 4296 nibil
307 4231 540 4313 prohibebitque
557 4229 653 4288 minus
666 4238 698 4288 et
718 4225 835 4285 tertium
857 4219 1009 4301 quippiam
1025 4219 1149 4300 posthac
1170 4241 1229 4282 exa

129 4327 264 4408 cogitetis
278 4321 315 4386 de
328 4345 388 4405 qno
400 4325 503 4384 iterum
518 4319 663 4382 actionem
679 4318 858 4380 instituatis:
879 4314 934 4374 sed
946 4313 1030 4393 leges
1043 4314 1102 4374 ista
1112 4323 1226 4388 setam,

128 4431 163 4480 et
174 4407 269 4482 semel
278 4417 383 4480 iisdem
397 4417 534 4478 derebus
549 4431 616 4476 cum
630 4410 734 4474 eodem
750 4409 798 4487 agi
808 4407 923 4489 jubent.
