2967 5017
528 319 572 382 ru
595 319 899 385 srnrunuuur.
1201 333 1265 394 oss
1394 404 1397 406 ,

175 473 217 534 At
236 481 349 553 qnsnto
370 473 525 554 preondm
548 474 637 536 inerit
659 475 864 542 liberalitatem
883 491 916 542 et
931 480 1064 544 dodim
1080 483 1114 544 in
1134 483 1266 564 sup-ts

174 585 261 628 suum
274 564 430 628 ostendere
442 585 510 626 eum
524 585 598 648 opus
615 576 673 642 est,
685 571 787 650 quiem
795 570 1011 636 aduletiom’bns
1030 583 1065 634 et
1077 573 1161 636 initis
1179 575 1265 638 un·

172 659 279 720 moniis
290 658 425 720 dioendir
442 679 508 720 ems
522 660 674 724 deditum?
704 662 764 726 Sed
775 663 849 728 nihil
864 675 913 726 est
929 666 1011 745 quod
1022 667 1077 728 iste
1088 667 1267 732 laninam

172 772 232 814 non
245 751 351 832 onpide
365 753 535 834 susciperet.
576 754 742 829 Enimvero,
763 757 970 833 Athenienses,
985 759 1020 820 in
1038 760 1189 840 opulenn'e
1208 760 1265 823 im·

172 845 272 924 probis
292 844 385 905 multo
405 846 523 926 grnrirm
543 847 726 908 irascendum
748 860 807 921 est,
823 870 910 928 quem
932 852 963 910 in
985 858 1167 932 peupertets.
1208 852 1264 914 His

172 934 251 996 enim
272 955 368 996 rerum
389 939 620 1000 necessariorum
640 939 763 1019 penurie
778 941 910 1001 nonnihil
928 941 1007 1023 spud
1020 963 1123 1022 requos
1136 943 1264 1006 munros

171 1037 252 1090 tores
263 1031 361 1108 renis,
370 1030 466 1110 parit:
488 1031 538 1111 qui
551 1051 631 1104 vero,
649 1043 683 1093 ut
695 1034 761 1106 iste,
773 1034 803 1094 in
817 1053 849 1094 re
861 1035 944 1096 louts
955 1035 1032 1095 ultro
1045 1046 1118 1096 sunt
1129 1035 1264 1117 improbi,

172 1123 282 1184 nullum
291 1124 403 1204 justum
421 1127 642 1188 exeusationem
656 1124 759 1191 efferre
777 1136 913 1207 possunt,
931 1128 986 1189 sed
1005 1127 1140 1190 sordibus
1154 1140 1186 1191 et
1195 1149 1265 1190 sru-

170 1215 238 1276 ritis
259 1226 290 1276 st
310 1219 472 1297 petulantis
493 1228 525 1279 et
544 1219 604 1278 suis
629 1219 893 1300 conspirationibus
914 1219 982 1301 plus
1003 1219 1159 1286 tribuendo
1175 1241 1265 1300 quom

169 1309 297 1390 ieffl'bus,
309 1331 345 1372 eo
370 1312 479 1373 nddnoi
498 1311 642 1374 ridentur.
683 1313 775 1378 Vobis
795 1323 894 1374 sutem
915 1313 987 1374 nibii
1011 1314 1115 1376 horum
1133 1315 1265 1396 prodest,

168 1401 243 1470 iilud
263 1405 348 1467 robis
366 1406 497 1486 expedit,
515 1405 661 1469 bominem
682 1406 811 1488 inopem,
824 1405 962 1468 effectuum
979 1408 1093 1489 injuris,
1107 1428 1212 1490 poenos
1224 1410 1264 1470 de

169 1496 259 1558 divite
272 1517 359 1580 posse
371 1517 496 1560 sumere.
536 1500 572 1562 ld
592 1501 672 1581 quod
683 1511 747 1568 trun
765 1501 827 1575 fiet,
838 1501 864 1560 si
882 1500 995 1581 eosqui
1008 1521 1046 1561 ex
1064 1500 1187 1562 ermina
1203 1511 1264 1561 tom

168 1603 271 1668 aperte
285 1592 662 1672 suntimprobipunieritir.
1130 1597 1134 1605 '
1317 1604 1320 1611 '

209 1684 260 1743 19.
283 1683 388 1760 Neque
406 1701 477 1753 vero
496 1682 610 1744 vultum
632 1683 727 1758 istius,
739 1694 770 1745 et
790 1686 939 1746 inoessnm
955 1683 1211 1763 prseterpnrietes,
1222 1684 1264 1750 sd

164 1771 353 1832 severitstem
373 1773 577 1852 compositum,
595 1775 751 1836 modestioe
766 1777 921 1856 quisquam
939 1795 1003 1836 esse
1016 1777 1264 1856 mgumenmsed

161 1859 266 1942 potius
279 1863 500 1926 inhumanitatis
512 1873 613 1944 putare
626 1867 724 1928 debet.
766 1867 908 1947 Quisquis
930 1867 1020 1941 enim,
1040 1866 1090 1928 eui
1107 1867 1196 1928 nolite
1215 1889 1265 1930 res

163 1953 300 2014 adversm
321 1955 501 2030 oeciderunt,
514 1958 745 2018 onineoesssrie
761 1977 822 2018 non
843 1958 962 2031 dmunt,
974 1969 1074 2020 temen
1092 1958 1149 2020 boo
1162 1959 1264 2021 habitu

162 2046 256 2106 ritem
270 2046 342 2127 agit,
355 2067 423 2108 eum
437 2068 494 2128 ego
505 2050 689 2130 perspexisse
700 2060 732 2110 et
744 2049 917 2111 meditatum
931 2071 997 2112 esse
1009 2070 1110 2112 seeum
1121 2051 1196 2112 illud
1207 2072 1264 2113 en-

163 2138 272 2210 isdmo,
287 2140 332 2200 ad·
347 2159 399 2200 eos
414 2141 463 2220 qni
484 2140 661 2222 simpliciter.
675 2151 710 2203 ut
728 2152 836 2204 nsturn
856 2142 933 2216 sert,
946 2142 1090 2204 inoedunt'
1104 2155 1137 2203 et
1158 2143 1264 2206 bilores

165 2241 244 2304 runt,
260 2233 402 2294 secedere
415 2233 540 2312 sliquem
554 2235 672 2307 audere,
687 2245 718 2294 et
727 2254 842 2313 rogere,
854 2244 886 2294 et
895 2234 1047 2314 postulare
1058 2233 1180 2313 reliquid,
1189 2235 1264 2296 nihii

163 2325 287 2385 veritum
297 2343 305 2382 r
315 2325 418 2386 edetis
432 2336 531 2385 sutem
541 2335 573 2386 et
583 2327 674 2387 torvis
684 2326 731 2391 rel
745 2329 839 2407 primo
851 2345 1013 2405 congressu
1026 2325 1193 2387 abhorrere.
1207 2328 1263 2388 Iiie

164 2415 253 2495 igitur
271 2416 389 2478 babitus
411 2417 481 2476 nihil
505 2417 587 2478 uliud
606 2429 651 2478 est
670 2437 759 2497 qunm
770 2415 982 2498 tegumentum
994 2437 1118 2490 morum,
1131 2438 1203 2482 nom
1215 2420 1262 2482 in·

166 2509 246 2589 genii
267 2509 410 2570 feritatem
437 2521 468 2570 et
495 2509 681 2571 acerbitatem
696 2510 850 2572 declaret*
889 2512 1075 2592 Argumento
1097 2511 1171 2574 iliud
1197 2524 1261 2574 est:
1299 2568 1303 2574 .

165 2621 235 2662 num
252 2603 314 2676 ulli,
336 2604 367 2662 in
386 2613 470 2663 tento
487 2602 672 2664 multitudine
686 2602 920 2678 Atheniensium,
938 2625 1031 2685 quum
1050 2624 1102 2667 res
1126 2605 1180 2668 tibi
1201 2608 1263 2668 sint

163 2693 254 2775 longe
268 2714 354 2776 quem
367 2715 422 2776 pro
432 2696 534 2757 merito
543 2705 597 2756 tuo
610 2695 810 2767 secundiores,
823 2715 955 2774 unquam
967 2697 1124 2778 qrrioqunm
1133 2698 1262 2777 torgitur

164 2787 222 2864 esi
235 2809 306 2850 num
321 2789 545 2869 ulli-quiequam
565 2787 735 2849 contulisti?
764 2807 833 2847 num
854 2788 909 2850 ulli
928 2789 1122 2852 benefecistii·
1159 2791 1262 2850 Nemi-

149 2885 231 2940 'nem
250 2881 378 2960 proferre
392 2881 510 2962 poteris.
550 2881 593 2940 At
609 2877 795 2949 foenerando,
806 2878 970 2940 etsliorum
991 2879 1095 2940 eludes
1109 2898 1146 2944 no
1158 2901 1260 2943 neees-

163 2974 266 3034 sitetes
278 2975 309 3034 in
321 2974 379 3034 tuis
392 2973 515 3036 fortunis
529 2971 717 3044 numerando,
725 2979 862 3050 patruum
877 2969 993 3031 Nioiom
1005 2971 1133 3050 paternis
1146 2971 1260 3037 sedibus

164 3063 292 3142 ejecistis
313 3067 408 3126 soorui
426 3076 485 3126 tues
500 3085 537 3125 en
556 3063 633 3123 unde
646 3063 766 3124 virebat
784 3062 933 3143 eripuisti:
960 3061 1137 3128 Archedemi
1157 3060 1259 3134 filium,

162 3167 306 3240 quantum
319 3159 349 3218 in
364 3169 393 3218 te
405 3158 472 3232 tuit,
485 3169 630 3221 extorrem
643 3154 730 3234 egisti
741 3175 751 3215 ι
771 3174 1001 3233 nemounqusm
1019 3164 1089 3230 nm,
1098 3155 1201 3217 scene
1212 3155 1261 3218 rol

155 3251 325 3333 judicatum
338 3270 398 3311 non
412 3252 573 3312 solventem
590 3249 737 3320 tractarit,
750 3258 784 3308 ut
797 3256 839 3321 tu,
851 3267 905 3329 eos
923 3247 975 3327 qui
993 3267 1112 3311 usurnm
1131 3247 1185 3311 tibi
1206 3248 1261 3318 de-
1339 3303 1354 3330 Ι

162 3347 244 3406 bent.
287 3346 382 3414 Quem
393 3343 482 3422 igitur
491 3341 597 3402 ridetis
612 3341 747 3402 omnibus
761 3340 889 3406 inrsbus
902 3340 944 3400 its
954 3339 1048 3400 ferum
1059 3350 1090 3401 et
1103 3343 1261 3422 impurum,

163 3457 232 3498 eum
244 3453 299 3498 ros
313 3437 419 3516 inipso
433 3435 562 3496 isoinore
575 3443 606 3495 et
617 3432 722 3513 injuris
735 3432 950 3512 deprehensum
964 3452 1023 3493 nou
1038 3433 1189 3513 punietis?
1209 3435 1261 3494 In·

163 3530 263 3610 digne,
278 3529 488 3600 Athenienses,
502 3537 533 3587 et
545 3545 606 3588 non
618 3545 706 3605 aequs
715 3524 837 3586 iacietis.

201 3626 263 3684 9οι
276 3621 375 3682 Etiam
390 3619 585 3694 Phormionis‚
598 3618 648 3700 qui
669 3619 757 3678 istum
776 3618 957 3690 subomnvit,
970 3617 1175 3689 Athenienses,
1187 3616 1261 3676 feci·
1290 3645 1293 3652 ·

161 3731 235 3776 nors
249 3714 350 3775 odium
364 3722 395 3774 et
407 3711 634 3792 indignationem
647 3721 805 3785 merentur,
816 3710 842 3769 si
855 3710 1016 3789 presertim
1029 3710 1093 3790 ejus
1105 3708 1260 3787 impuden-

160 3807 232 3869 tium
246 3801 278 3867 e't
289 3807 435 3886 ingratum
445 3805 573 3866 animum
584 3803 732 3884 speotetis.
764 3803 896 3864 Arbitror
905 3803 984 3864 enim
998 3803 1072 3864 seire
1084 3819 1261 3873 omnesros,

160 3918 230 3964 oum
243 3900 362 3961 venalis
376 3909 463 3972 esser,
477 3898 501 3959 si
515 3917 583 3958 euro
596 3917 615 3958 s
627 3901 789 3977 coquo'ent
801 3896 901 3978 aliquo
914 3895 972 3956 siio
983 3893 1089 3975 opitioe
1098 3891 1155 3952 emi
1165 3892 1260 3953 conti·

161 3994 264 4075 gisnes
276 4012 344 4054 eum
356 3991 466 4052 domini
479 4000 570 4052 ortem
579 3989 834 4050 ednotumsbonis
848 3989 912 4049 istis
924 3988 1054 4049 futurum
1066 3983 1158 4045 fuisse
1170 4003 1260 4063 quern

159 4087 402 4148 remotissimum:
425 4093 577 4165 postquem
597 4092 696 4144 eutem
715 4101 782 4142 eum
795 4090 989 4162 paternoster
1002 4077 1164 4140 mensurius
1178 4077 1260 4152 emit,

161 4193 193 4240 ot
215 4179 308 4240 literis
331 4176 447 4248 erudiit,
472 4186 504 4237 et
531 4185 623 4237 artem
645 4175 758 4244 doouit,
778 4175 900 4255 ejusque
919 4171 990 4232 fidei
1008 4189 1145 4249 msgnem
1168 4189 1260 4251 pecu-

160 4272 240 4332 niam
254 4263 390 4342 credidit,
403 4267 472 4329 felix
483 4267 577 4328 iectus
591 4275 648 4342 est,
660 4266 890 4345 fortunamque
902 4263 941 4324 sd
955 4261 1114 4336 mevenit,
1128 4261 1260 4324 oooasio·

161 4381 230 4423 nem
243 4371 349 4422 neotus
362 4359 456 4420 omnis
475 4359 538 4439 ejus
556 4377 616 4438 que
630 4378 709 4419 nuno
722 4357 828 4418 fruitur
841 4355 1001 4418 ielioitotis.
1042 4354 1170 4418 Proinde
1183 4353 1260 4414 indi·

161 4473 254 4534 guum
265 4462 324 4524 est,
338 4451 411 4534 proh
425 4451 525 4512 dirum
538 4450 746 4530 hominumque
758 4448 860 4523 iidem,
870 4458 902 4510 et
913 4447 981 4530 plus
993 4467 1083 4530 quem
1095 4448 1261 4528 indignum,
