2967 5017
262 347 323 410 69⁶
561 341 783 410 ADVERSUS
805 340 1044 407 rouretum

261 507 331 582 ptus
344 498 449 578 reliqui
461 500 600 580 temporis
614 499 684 560 mibi
701 499 859 581 persolvet,
871 495 967 578 deque
983 494 1168 558 armamentis
1184 512 1252 556 eum
1265 497 1358 559 inter-

261 595 347 674 rogo,
369 601 465 653 utrum
486 611 523 653 ea
548 603 735 675 msceptnrus
759 604 846 667 esset,
868 610 906 653 au
930 589 1054 672 propriis
1076 607 1177 650 secam
1199 589 1296 651 allatis
1318 591 1361 652 ad

260 703 365 747 narem
377 683 501 746 reniret.
543 685 619 755 Quor
632 701 700 746 eum
714 687 752 746 eb
764 703 802 746 ec
813 685 1001 767 postularem,
1022 684 1145 765 rogabat
1160 701 1207 742 me
1229 701 1283 743 cur
1300 703 1359 764 ego
1405 682 1409 687 ’

261 777 343 838 solus
356 776 546 838 etrierarchis
560 779 674 858 privata
687 787 864 840 armamenta
875 778 1026 849 baberem,
1039 787 1070 837 et
1085 787 1182 835 utrum
1194 773 1298 835 civitas
1313 776 1361 855 ige

261 880 380 931 mereret
400 889 485 950 posse
509 871 653 950 quosdam
672 881 854 933 armamenta
873 873 1005 951 prebere
1028 869 1162 939 neribus,
1177 887 1214 927 ne
1238 867 1304 946 ipsa
1322 887 1385 939 ea,

259 963 464 1041 preberetur
483 963 547 1036 tibi,
563 964 665 1043 inquit,
677 975 785 1044 prmter
806 974 929 1025 eeteros
949 964 992 1024 ita
1010 963 1081 1023 libet
1104 959 1287 1041 protendere·
1305 979 1361 1040 per

262 1053 417 1116 ludibrium
432 1055 556 1127 divitias,
570 1066 644 1116 utet
656 1067 837 1118 armamenta
849 1057 962 1136 privetu
973 1056 1096 1128 babens,
1109 1065 1141 1114 et
1153 1061 1257 1113 aurata
1270 1073 1360 1113 orna-

260 1155 363 1208 mento
376 1148 457 1208 solus
471 1167 488 1208 e
504 1148 689 1210 trierarebisl
720 1149 795 1219 Quis
811 1149 910 1230 igitur,
930 1149 1034 1228 inquit,
1055 1156 1158 1229 posset
1178 1132 1259 1206 tuam
1278 1146 1360 1207 insa-

261 1238 340 1298 niam
351 1247 476 1319 tuasque
489 1241 673 1320 profusiones
687 1243 835 1304 tolersre‘l
855 1244 1027 1304 comitatum
1039 1250 1218 1322 corruptum,
1238 1249 1269 1300 et
1281 1241 1360 1300 mul-

260 1342 324 1394 tum
338 1335 470 1414 pecunie
491 1345 558 1396 aute
578 1345 693 1416 tempus
714 1355 832 1414 cepere,
852 1349 883 1397 et
897 1338 1055 1396 immunem
1069 1355 1088 1396 a
1100 1335 1224 1414 receptis
1238 1334 1360 1393 narium

260 1426 438 1498 muneribus,
449 1435 480 1486 et
490 1426 587 1486 levare
601 1427 631 1485 in
645 1427 757 1486 balneis
768 1425 907 1487 solitum?
928 1436 1035 1486 etcum
1045 1424 1152 1485 milites
1161 1435 1224 1484 tum
1232 1425 1360 1504 remiges

259 1519 299 1578 ob
313 1537 451 1599 mmmm
475 1527 506 1578 et
523 1518 668 1598 integrum
690 1518 869 1598 stipendium
890 1518 961 1578 luxu
985 1517 1170 1578 diffluentesl
1199 1517 1359 1592 Malorum,

260 1612 365 1694 inquit,
378 1613 480 1672 doctor
494 1612 629 1673 exstitisti
655 1613 685 1672 in
704 1611 843 1684 exercitu,
858 1621 888 1672 et
900 1621 1004 1672 auctor
1016 1631 1049 1672 es
1062 1631 1099 1672 ex
1116 1609 1215 1690 aliqua
1226 1619 1308 1690 parte
1320 1622 1359 1669 ut

260 1717 292 1768 et
304 1707 407 1786 reliqui
421 1706 568 1767 trierarchi
582 1706 720 1768 militibus
734 1705 953 1787 improbiorrbus
965 1714 1095 1777 utantur,
1103 1702 1207 1764 eadem
1220 1722 1288 1781 quoe
1298 1702 1358 1763 tuis

261 1810 294 1860 tu
321 1799 434 1879 largiris
457 1800 678 1878 requirentibus.
728 1800 936 1884 Decuissette
961 1809 1132 1860 ceterorum
1158 1796 1358 1877 frugalitatem

260 1891 376 1954 imitari.
417 1893 492 1952 Hsec
505 1911 541 1952 eo
555 1893 680 1964 dicente,
702 1913 759 1971 ego
771 1904 935 1973 propterea,
948 1893 1076 1970 inquam,
1090 1910 1107 1950 e
1120 1890 1216 1951 novali
1233 1909 1293 1949 non
1306 1910 1357 1950 ac-

258 1985 323 2065 cepi
335 1991 523 2052 armamenta,
539 1982 617 2059 quod
631 1983 694 2060 ipse
706 2001 744 2042 ea
757 1983 919 2061 perdidisti.
950 1982 1021 2052 Sed,
1034 1982 1059 2041 si
1072 1980 1126 2053 vis,
1140 1982 1204 2042 boee
1213 1979 1355 2060 accipito:

258 2076 306 2138 sin
318 2073 424 2145 minus,
440 2083 620 2134 armamenta
634 2073 696 2153 ipse
708 2074 761 2136 tibi
774 2093 922 2154 compara.
965 2073 1056 2142 Quod
1079 2083 1178 2133 sutem
1193 2074 1233 2134 ad
1249 2083 1356 2134 nautas

260 2165 365 2228 attinet
381 2173 412 2226 et
426 2163 578 2224 militesne
593 2164 729 2244 remiges,
746 2167 772 2226 si
785 2185 838 2226 eos
851 2185 870 2224 a
883 2183 931 2224 me
951 2174 1104 2244 corruptos
1123 2183 1189 2224 esse
1206 2164 1292 2237 dieis,
1306 2181 1357 2224 ae·

258 2267 346 2339 cepte
358 2255 465 2317 triremi
478 2257 541 2338 ipse
550 2256 603 2318 tibi
617 2267 647 2318 et
660 2267 765 2319 nautas
776 2269 806 2319 et
815 2257 918 2317 milites
928 2265 959 2317 et
969 2257 1095 2336 remiges
1108 2274 1190 2329 cura,
1204 2257 1253 2334 qui
1264 2257 1357 2335 gratis

258 2362 290 2413 te
303 2351 489 2412 comitentur:
511 2369 614 2410 navem
625 2361 721 2411 autem
732 2343 841 2430 accipe,
852 2367 947 2428 neque
960 2348 1037 2409 enim
1049 2369 1095 2410 me
1106 2347 1213 2408 triremi
1226 2366 1356 2427 praeesse

259 2443 348 2504 decet
360 2442 494 2520 emplius.
537 2443 614 2503 Nem
628 2453 659 2504 et
671 2444 853 2524 praefecturae
869 2461 943 2502 meae
961 2451 1078 2521 tempus
1093 2441 1239 2521 praeteriit,
1253 2450 1286 2501 et
1298 2461 1355 2522 ego

252 2535 316 2616 jem
328 2543 453 2613 quatuor
466 2553 581 2596 menses
594 2535 672 2597 ultra
685 2536 716 2596 id
729 2555 804 2597 onus
820 2536 953 2597 sustinui.
995 2533 1069 2593 Heec
1084 2553 1130 2594 me
1140 2533 1270 2608 dicente,
1281 2536 1354 2595 mibi

257 2627 382 2706 collega,
394 2623 499 2706 inquit,
513 2647 596 2689 meus
610 2647 669 2690 non
683 2629 762 2690 venit
779 2629 819 2690 ad
839 2648 961 2690 navemt
983 2647 1042 2688 non
1063 2628 1151 2708 igitur
1169 2627 1249 2687 solus
1270 2626 1354 2687 trire-

257 2739 337 2782 mem
350 2721 499 2800 accipiam.
526 2711 601 2782 Haec
614 2742 681 2784 rere
695 2742 714 2782 a
726 2741 773 2783 me
786 2722 845 2784 dici
860 2723 938 2803 apud
951 2742 1014 2796 vos,
1027 2732 1059 2782 et
1070 2741 1138 2781 eum
1152 2721 1182 2780 iu
1195 2720 1259 2781 l'oro
1271 2719 1353 2799 prius

259 2814 329 2876 mibi
342 2814 538 2896 respondisse,
551 2835 584 2876 se
597 2835 662 2878 mea
681 2819 772 2877 verba
784 2816 857 2884 nihil
869 2834 985 2883 enrare;
1007 2823 1038 2874 et
1053 2815 1085 2873 in
1098 2813 1223 2887 oedibus,
1235 2812 1287 2872 ubi
1304 2813 1354 2872 ‘li-

258 2909 429 2971 momacbus
444 2909 652 2985 dirersabetur,
667 2930 699 2971 se
712 2911 807 2970 solum
820 2929 924 2969 nerem
938 2926 998 2966 non
1015 2927 1082 2967 esse
1098 2915 1296 2988 accepturum,
1309 2906 1353 2966 uti

258 3010 384 3076 constet,
395 3003 497 3062 harum
512 3021 608 3063 mrum
621 3003 705 3063 robis
718 3001 887 3061 testimonie
896 2999 1038 3079 legentur.

667 3227 936 3289 TESTIMONIA.

302 3371 350 3429 10.
371 3369 445 3430 Post
467 3370 542 3443 haec,
557 3369 688 3442 ludices,
702 3390 769 3431 cum
791 3391 847 3432 nee
864 3371 894 3430 in
909 3388 983 3430 uere
996 3369 1066 3430 mibi
1080 3370 1238 3431 succedere
1251 3369 1350 3444 vellet,
1397 3353 1400 3360 ’

258 3481 354 3544 neque
367 3472 500 3542 sumptus
514 3463 617 3544 reliqui
637 3465 776 3545 temporis
795 3464 941 3538 redderet,
954 3475 985 3525 et
1003 3485 1051 3526 me
1067 3464 1130 3524 dux
1143 3465 1352 3545 solverejube·

257 3567 312 3629 ret,
327 3575 483 3636 aggressus
497 3577 563 3618 eum
578 3558 668 3619 Thasi
681 3559 711 3617 in
726 3567 823 3638 portu,
836 3577 934 3619 eoram
948 3558 1035 3637 duce,
1049 3558 1139 3639 plena
1154 3562 1214 3634 jam
1232 3559 1349 3629 triremi,

259 3649 302 3711 sic
317 3669 385 3710 cum
399 3669 434 3709 eo
449 3669 515 3730 ego,
526 3671 585 3711 non
599 3649 679 3732 quod
693 3671 809 3731 aequum
821 3661 900 3712 esset
911 3651 1074 3728 (eratenim
1088 3652 1141 3710 iste
1151 3650 1269 3711 meliore
1282 3669 1351 3710 con·

260 3743 390 3822 ditione),
412 3743 464 3803 sed
486 3743 555 3822 quia
574 3764 627 3825 pro
648 3765 679 3806 re
697 3753 768 3805 neta
781 3745 823 3804 sic
834 3765 929 3824 ,agere
945 3765 1067 3806 necesse
1085 3743 1155 3804 mibi
1167 3753 1248 3804 erut:
1269 3753 1351 3823 post-

258 3853 345 3915 quam
359 3845 392 3896 m
405 3836 459 3910 ais,
473 3834 621 3917 Polycles,
635 3837 780 3916 collegam
793 3846 877 3897 tuum
891 3856 951 3898 non
966 3837 1073 3911 venire,
1086 3837 1234 3919 impensas
1248 3833 1349 3915 reliqui

257 3929 407 4009 temporis,
421 3939 546 4010 quatuor
559 3929 713 4004 mensium,
723 3929 749 3990 si
762 3942 873 4010 potero,
885 3933 923 3990 ab
937 3949 974 3990 eo
987 3931 1112 4010 erigam.
1153 3929 1202 3989 Tu
1214 3949 1284 3989 rere
1302 3947 1351 3989 ae·

257 4029 345 4102 cepte
368 4023 445 4096 navi,
459 4023 583 4105 primum
602 4031 684 4082 tuum
703 4034 833 4104 tempus,
847 4043 901 4083 sex
920 4041 1051 4098 menses,
1070 4023 1171 4084 obito:
1193 4021 1311 4096 deinde,
1324 4020 1350 4081 si

257 4115 368 4174 interea
379 4115 490 4176 venerit
502 4113 617 4194 collega
629 4127 708 4187 tuus,
723 4135 788 4176 eam
802 4116 883 4176 obito
901 4125 954 4176 tuo
976 4135 1095 4176 munere
1112 4116 1156 4189 illi
1171 4116 1290 4190 tradito,
1304 4115 1349 4175 sin

258 4203 367 4279 minus,
380 4207 451 4268 nihil
473 4207 656 4270 intolerabile
679 4208 733 4269 tibi
756 4208 880 4283 accidet,
899 4207 954 4269 etsi
975 4209 1051 4269 duos
1071 4229 1186 4271 menses
1198 4208 1349 4291 adjeceris.

259 4299 316 4369 Au,
331 4317 398 4358 cum
422 4321 478 4386 ego
500 4311 531 4364 et
549 4322 646 4364 meum
667 4315 783 4384 tempus
798 4314 829 4363 et
850 4303 974 4384 collegae
995 4304 1126 4381 obierim,
1140 4315 1170 4366 et
1190 4323 1244 4385 pro
1266 4303 1348 4365 robis

258 4390 347 4454 etiam
361 4404 464 4454 exacto
479 4405 608 4477 tempore
623 4398 773 4478 publicum
788 4415 894 4457 munus
919 4397 1114 4471 sustinuerim,
1129 4407 1171 4472 tu,
1184 4399 1233 4479 qui
1253 4397 1348 4459 nullos

256 4485 351 4552 fecisti
364 4495 509 4568 sumptus,
523 4490 660 4568 gravaris,
674 4499 814 4574 suscepta
825 4491 902 4566 nari,
916 4491 964 4555 rel
977 4502 1059 4554 tuum
1069 4491 1148 4554 obire
1160 4501 1287 4572 tempus,
1297 4502 1348 4553 aut
