2967 5017
490 331 535 394 ΙΝ
557 331 812 394 STEPHANUM
833 333 860 393 1.
1162 332 1223 394 6³5

124 484 325 567 blicemepud
341 487 477 550 Seurirct
495 489 523 550 ei
540 488 672 550 intendo.
714 487 918 550 lutercedente
936 495 1036 548 autem
1049 505 1222 562 moranum
1343 475 1349 487 '

124 588 155 640 et
168 577 248 640 ectio
261 578 439 654 eluderetur,
449 592 481 642 et
489 581 602 662 judicie
610 601 669 642 non
680 591 894 656 exercerentur,
903 591 997 642 mater
1006 599 1043 640 ex
1052 578 1105 641 illo
1114 579 1222 642 liberor

125 672 258 752 tmuipit.
300 673 339 734 Et
348 675 604 752 postea-dicetur
613 675 691 736 enim
701 674 741 736 ed
749 694 814 748 ror,
825 675 957 748 Judioer,
966 673 1062 736 omnic
1073 673 1223 736 veritur-

125 763 219 824 multa
231 773 261 825 et
273 764 386 826 blenda
398 769 488 828 verba
506 767 616 830 fiebunt
634 775 758 830 amabe
774 777 807 828 et
828 766 1047 847 deproereoner
1059 785 1115 846 pro
1128 765 1222 826 Phor·

124 858 242 918 reione:
264 857 358 920 multe
369 857 457 921 etium
471 871 502 922 et
514 861 650 922 modeste
662 870 693 921 et
700 859 822 921 humilia
831 860 869 919 eb
881 859 933 920 illo
943 859 1017 939 ipao.
1059 859 1222 933 litantem,

125 949 329 1021 Athenienses,
344 971 403 1030 quc
422 952 488 1012 lraee
502 953 603 1033 paucis
625 951 868 1024 ebaolrem,nihil
886 970 988 1013 eorum
1005 970 1072 1031 qure
1092 959 1156 1011 tum
1177 958 1223 1012 re·'

123 1053 243 1124 ceperat
265 1042 319 1103 ribi
340 1043 508 1106 laciendum
525 1047 659 1126 putabet,
672 1064 779 1128 meque
790 1043 923 1124 ρωιιιιίἰι
937 1043 1077 1106 fraudare
1088 1042 1223 1104 institue·

66 1181 70 1186 .
124 1135 178 1195 bat
191 1155 263 1214 quus
276 1155 385 1199 menter
398 1137 527 1200 habebut
539 1149 659 1210 nortem,
680 1138 711 1198 in
729 1139 781 1219 jue
798 1157 867 1198 eum
879 1155 985 1198 rooere
1005 1146 1126 1198 conetur
1146 1152 1222 1209 tum,

125 1227 331 1309 cumprimum
348 1239 479 1310 potenter
492 1230 563 1292 dato
581 1230 645 1291 fuit.
686 1229 740 1291 ille
753 1248 824 1291 vero
839 1249 908 1318 cum
926 1228 1111 1310 intelligeret,
1125 1227 1223 1288 omnia

123 1319 221 1398 palam
237 1320 302 1384 lore
315 1343 350 1384 eo
364 1323 596 1386 demonstratum
610 1323 644 1384 iri
659 1343 692 1384 ee
705 1324 836 1384 omnium
846 1321 997 1383 hominum
1010 1322 1042 1382 iu
1059 1342 1115 1383 noe
1129 1321 1223 1384 eoele-

122 1413 299 1475 ratietimum
312 1415 469 1488 exstitisse,
484 1416 516 1476 id
530 1415 760 1478 machinatura
775 1416 901 1489 imbuit,
913 1425 948 1475 ut
965 1414 1132 1494 Stephanus
1144 1413 1223 1474 fuleo

122 1513 171 1564 me
183 1507 350 1578 testimonio
364 1509 550 1588 opprimeret.
590 1510 635 1569 Ac
648 1509 773 1590 primum
787 1508 904 1581 actioni,
917 1525 1055 1586 quereus
1069 1509 1223 1586 agebatur,

120 1595 261 1659 Phormio
274 1601 480 1679 exceptionem
493 1603 663 1681 opponebat
673 1621 733 1662 non
746 1600 900 1661 contenire
918 1599 990 1658 mibi
1007 1598 1154 1660 actionem
1171 1607 1223 1657 ἰιι-

120 1707 244 1750 cerens:
267 1689 377 1749 deinde
387 1699 489 1763 testeo,
502 1711 550 1752 me
561 1711 663 1752 eccum
676 1690 865 1769 transegisse,
881 1689 973 1749 iuleoe
986 1688 1180 1768 producebat,
1193 1698 1225 1749 et

116 1779 278 1840 locationis
300 1781 456 1856 cujusdem
478 1783 697 1852 commentitia,
719 1791 752 1842 et
771 1779 941 1860 testamenti
960 1796 1114 1858 nunquam
1136 1778 1220 1840 fecti.

116 1871 202 1930 Cum
214 1891 284 1934 vcro
296 1870 366 1931 milri
378 1872 503 1952 priorem
513 1873 630 1934 dicendi
643 1871 964 1952 locumproeripoireet,
977 1881 1131 1952 propterea
1142 1872 1223 1950 quod

118 1961 304 2043 prreecriptio
318 1973 390 2036 erat,
404 1983 500 2042 neque
517 1975 598 2026 recto
606 1963 722 2044 judicio
735 1962 1000 2041 congrediebatur:
1022 1979 1117 2043 eaque
1135 1964 1223 2044 legit·

121 2063 179 2128 tet,
193 2063 226 2116 et
235 2064 352 2128 cetera,
364 2065 401 2118 ut
412 2056 467 2116 eibi
479 2056 616 2136 expedire
629 2057 762 2137 putabet,
776 2055 920 2116 mentitur
934 2068 1025 2130 erret,
1039 2057 1080 2119 ita
1090 2069 1222 2118 commo·

121 2147 165 2208 rit
172 2146 301 2228 judicer,
315 2157 349 2209 ut
361 2167 399 2210 ne
410 2167 513 2210 vocem
521 2150 640 2230 quidem
653 2148 746 2210 ullam
757 2161 890 2210 nostrum
902 2148 1003 2212 uudbe
1017 2149 1137 2211 vellent.
1159 2150 1223 2212 Du·

122 2249 239 2300 mnatue
247 2239 337 2320 igitur
350 2240 438 2303 etiem
449 2239 488 2302 ud
500 2231 642 2302 mulctam
656 2239 837 2313 solvendam,
846 2259 883 2302 ec
896 2261 936 2302 ue
945 2242 1145 2322 respondendi
1158 2245 1224 2323 qui·

123 2331 351 2418 dempiaoultate
371 2333 537 2413 impetrate,
550 2333 799 2414 quemadmodum
820 2332 900 2394 baud
925 2334 987 2402 ecio
1009 2353 1048 2396 en
1072 2355 1141 2397 cum
1160 2335 1223 2396 ullo

123 2425 288 2494 mortalium
308 2445 438 2506 unquam
458 2421 556 2489 ectuni
580 2426 628 2500 eit,
652 2426 710 2488 abii
732 2425 869 2506 grauiter,
888 2425 1058 2498 oJudioer,
1072 2436 1107 2488 et
1123 2426 1223 2508 iniquo

16 2523 17 2542 l
123 2515 221 2578 nuimo
234 2519 341 2580 ferent.
377 2519 449 2593 Sed,
462 2539 493 2580 re
508 2538 576 2580 cum
587 2519 685 2580 auimo
697 2537 767 2580 meo
775 2519 918 2600 cogitatu,
930 2519 1028 2581 inveni
1041 2519 1077 2582 iiu
1090 2521 1142 2602 qui
1157 2530 1222 2583 turn

16 2681 18 2696 ‚
117 2608 289 2692 judicarunt
302 2612 421 2682 omuino
435 2632 501 2674 esee
514 2612 827 2692 ignoscendum-ego
840 2614 917 2674 enim
931 2614 1012 2676 haud
1025 2615 1086 2675 ecio
1098 2634 1137 2674 an
1150 2615 1222 2695 quid

122 2702 205 2765 aliud
226 2704 419 2783 pronunciare
435 2705 609 2784 potuissem,
623 2705 648 2764 si
662 2715 693 2764 et
705 2723 801 2766 rerum
809 2715 943 2767 actarum
955 2707 1087 2771 omnium
1100 2707 1221 2768 sciorum

120 2796 250 2876 ἰςιιιιιιι,
264 2806 296 2857 et
307 2795 389 2863 diota
401 2796 519 2858 terbum
533 2796 761 2871 auditionem-,
775 2798 830 2862 eed
838 2797 881 2858 eia
894 2799 1127 2862 eueoeneendum
1140 2817 1219 2872 eane,

16 2891 17 2972 s
122 2889 174 2969 qui
194 2889 276 2950 fnleir
303 2889 476 2950 testimoniis
503 2889 634 2958 dicendis
656 2889 760 2953 hurum
778 2909 874 2950 rernm
894 2909 985 2952 neura
1005 2892 1136 2974 sumunt.
1175 2893 1221 2952 Ao

16 2987 17 2994 ’
123 2983 161 3044 de
174 2981 240 3044 eliis
254 2981 373 3061 quidem
391 2983 528 3057 tectibus,
541 3003 608 3044 eum
619 3003 671 3044 eoe
685 3001 834 3055 occurrero,
846 2992 911 3043 tum
920 2983 1035 3047 dicum:
1056 2983 1095 3044 de
1107 2983 1154 3043 hir
1167 3003 1222 3044 eu.

120 3086 182 3138 tem
195 3095 264 3156 quen
280 3076 449 3156 Stephanus
462 3096 517 3156 pro
530 3077 695 3140 testimonio
710 3075 784 3137 dixit
788 3075 991 3157 jam'edocere
1009 3095 1063 3136 roe
1083 3075 1221 3138 conober.

16 3165 17 3178 ¹
79 3207 88 3219 =
122 3169 185 3230 Sed
198 3188 273 3250 nape
282 3169 379 3249 iprum
393 3169 601 3242 testimonium,
613 3179 644 3228 et
661 3169 728 3248 lege
741 3169 822 3244 mibi,
836 3179 870 3230 ut
890 3189 928 3232 eo
944 3169 1010 3252 ipro
1023 3189 1084 3232 rem
1097 3169 1222 3232 demon·

122 3271 225 3324 rnen.
267 3262 391 3324 Recitar
410 3273 442 3324 tu
456 3271 555 3324 eutem
569 3279 677 3344 equam
690 3260 800 3322 inhibe.

525 3487 829 3558 TESTIMONIUM.
937 3551 941 3559 ,

152 3657 286 3721 mptum
293 3655 406 3706 Meneclir
416 3657 444 3705 ll.
451 3655 616 3714 Aobtmenrie,
624 3655 712 3720 Scytha
722 3657 845 3706 llmmmei
854 3656 1222 3719 ltcyoattomtruutmrn

124 3755 149 3792 u
160 3737 257 3789 mutan
268 3738 331 3800 opud
341 3737 452 3786 urbitrnm
467 3733 553 3783 liniam
563 3733 744 3792 Acburuarueur,
754 3751 807 3783 cunr
818 3735 930 3785 l’borrulo
944 3741 1084 3797 proroorret
1094 3734 1222 3796 Apollodo-

124 3833 186 3874 run,
198 3813 291 3864 omuino
302 3813 437 3878 exemploru
449 3827 502 3860 erre
518 3810 648 3858 tertmueuti
659 3810 769 3860 Pmionir
781 3813 885 3882 mbulet,
893 3829 951 3875 qupe
962 3813 1063 3874 coniecit
1076 3810 1186 3861 l'lrornio
1196 3811 1221 3862 it

124 3895 241 3954 echinum,
256 3899 281 3939 et
295 3889 397 3952 justiore
408 3893 568 3936 tentamentum
583 3888 691 3936 Panionia
707 3888 804 3950 operiri,
813 3889 875 3952 quod
896 3890 959 3952 upud
970 3890 1083 3937 arbitrum
1093 3887 1222 3951 exhibebut

125 3967 242 4032 Amphion
258 3965 455 4028 Cephiroplroutit
475 3963 560 4011 ullinin
579 3963 748 4026 Apollodorum
765 3972 841 4012 tutem
860 3963 886 4011 id
903 3965 991 4028 uparire
1009 3962 1123 4012 noluitne:
1145 3957 1220 4011 fuitei

125 4053 201 4096 tutem
212 4043 348 4107 exemplum
356 4041 488 4091 tentamenti
499 4041 616 4090 Petiooit·
668 4083 672 4092 ,
700 4065 702 4072 >
1066 4044 1069 4055 '
1093 4031 1097 4039 ’

166 4199 195 4258 ³.
216 4194 380 4256 Audivistin
401 4195 609 4265 tettimouium,
636 4192 779 4255 iudicet:
809 4201 881 4273 puto
903 4202 1001 4253 autom
1025 4195 1222 4264 contemtui

127 4287 257 4350 nondum
278 4286 434 4367 quicquam
449 4287 528 4348 uliud
547 4287 689 4358 eentietie,
709 4285 784 4346 illud
803 4285 900 4364 iprum
921 4297 1001 4346 certe
1019 4285 1165 4359 demireri,
1176 4296 1222 4346 te·

126 4380 254 4442 tdmonii
267 4380 442 4461 principium
457 4397 523 4442 esee
535 4377 881 4460 prorumpentem
891 4389 991 4457 autem
1004 4387 1222 4442 crumentum.

26 4554 31 4563 Ι
128 4472 237 4534 Verum
251 4491 310 4552 ego
322 4483 456 4553 oportere
468 4470 615 4548 exittimo,
627 4480 795 4552 pottquem,
808 4471 840 4534 id
859 4473 941 4553 quod
959 4473 1117 4543 tetomonii
1132 4471 1223 4534 vetra·
