2967 5017
268 317 328 376 neo
577 297 766 382 arcente
786 313 1055 382 coucrouunt.

268 487 302 528 ne
324 469 396 530 utile
416 469 528 552 ntique
537 475 680 554 reperim
696 483 781 555 patet
804 473 843 536 ad
862 474 1019 536 dicendum
1032 481 1152 554 turpat:
1173 471 1228 534 ted
1247 487 1359 552 cogere

267 559 374 622 inrito·
387 562 426 623 ad
446 563 632 638 audiendum,
654 566 685 627 id
697 586 756 647 ego
768 585 886 648 protana
899 585 965 628 cuc
978 576 1062 647 turpe
1075 564 1220 626 exintirno.
1264 563 1360 646 Spero

266 655 416 728 antem,ai
438 656 509 717 mihi
526 656 611 718 bodie
634 658 846 732 mutabitis,
866 677 920 720 roc
944 667 975 720 ct
996 658 1028 718 id
1052 657 1132 738 quod
1154 656 1297 738 optimum
1309 669 1360 725 cet

265 745 374 808 rectius
385 744 539 821 electuros,
552 759 584 810 et
597 760 767 831 suggentum
780 749 1040 812 conscendentium
1062 767 1210 810 sermones
1227 749 1359 810 facturos

265 855 333 898 eane
352 838 467 899 breves.
507 840 588 910 Quid
610 841 700 920 igitur
718 841 850 904 enadeo?
882 842 1021 916 Primum,
1044 840 1249 913 Athenienses,
1262 850 1297 900 ut
1318 841 1358 900 de

265 925 314 990 bie
326 929 398 1010 ipria
410 949 478 1010 quoe
490 931 521 992 in
533 931 740 995 deliberatione
753 943 823 996 nunt
838 933 1031 1015 prodeuntem
1045 951 1189 1013 quemque
1201 931 1297 992 dicere
1307 936 1359 1008 jn-

264 1020 372 1082 baatia.
411 1021 510 1082 Multa
531 1024 610 1085 enim
632 1026 692 1087 elia
711 1026 867 1108 complecti
890 1025 1019 1090 oratione
1038 1024 1134 1104 poetic
1161 1043 1255 1104 enque
1274 1023 1357 1084 dictn

261 1111 444 1193 jucundari
462 1117 623 1195 presertim
643 1129 677 1179 nt
698 1118 821 1181 ictorum
841 1118 961 1199 quidam
978 1116 1104 1178 dicendo
1117 1115 1226 1177 velena.
1267 1115 1357 1186 Quod

264 1205 422 1287 cipropter
435 1207 582 1270 audienda
600 1211 691 1272 rerba
703 1212 891 1284 convenistis,
904 1229 941 1270 ea
961 1219 1022 1269 turn
1036 1208 1129 1270 audiri
1150 1219 1212 1270 tum
1234 1207 1291 1268 dici
1304 1208 1356 1270 de·

264 1297 356 1358 bent:
376 1298 423 1360 ein
443 1299 483 1360 de
503 1319 599 1362 rerum
620 1302 739 1362 delectu
759 1299 954 1374 deliberaturi,
968 1319 1073 1361 moneo
1085 1319 1138 1361 ron
1160 1309 1194 1361 ut
1211 1299 1291 1380 ipone
1310 1319 1358 1360 rea

265 1388 390 1451 manime
407 1391 502 1452 nudet
519 1391 694 1471 dijudicetis,
707 1392 868 1472 repudiatis
881 1393 975 1452 verbio
988 1392 1203 1471 omnibusque
1217 1390 1357 1453 seducere

264 1492 398 1564 ponunt
439 1483 509 1544 Hoc
530 1483 618 1562 igitur
637 1503 730 1544 unum
753 1492 801 1544 eet
822 1483 903 1563 qnod
919 1481 1006 1544 dico:
1026 1483 1151 1544 alterurn
1171 1481 1255 1556 illud,
1276 1483 1356 1562 quod

264 1574 391 1636 {ortanae
414 1574 590 1655 qmbusdam
620 1575 789 1637 admirabile
811 1573 953 1648 rideatur,
978 1585 1022 1648 ut,
1043 1574 1069 1635 ei
1093 1573 1239 1635 oratione·
1266 1573 1357 1635 minui

265 1667 373 1741 velitis,
383 1687 450 1727 cnm
464 1667 579 1728 cilentio
593 1667 774 1730 auscultetia.
815 1667 894 1728 Nam
907 1667 946 1729 dc
958 1665 1126 1746 ecquidem
1138 1665 1357 1747 qacdauthac

265 1769 318 1822 ant
329 1761 381 1822 iile
393 1759 572 1834 conducant,
586 1770 638 1821 aut
658 1779 724 1841 qua
747 1761 852 1840 quibua
874 1760 904 1820 in
917 1759 1081 1840 Republica
1093 1756 1277 1840 preferenda
1288 1757 1357 1832 rint,

265 1871 362 1934 neque
373 1855 463 1916 rerba
474 1852 568 1914 multa
586 1863 757 1934 suppetunt,
771 1853 827 1913 nisi
840 1852 905 1932 quie
925 1852 1033 1912 frustra
1051 1850 1154 1930 nugari
1166 1849 1246 1925 velit,
1260 1867 1357 1932 neque

265 1945 420 2025 quiquam
432 1945 535 2005 eadem
550 1943 697 2005 bonicum
711 1944 810 2005 denuo
823 1943 918 2004 aucit:
936 1943 1050 2021 justum
1062 1951 1159 2001 autam
1175 1960 1240 2002 eane
1258 1943 1355 2004 dicere

264 2045 301 2096 nt
319 2038 424 2116 aiiquie
447 2037 591 2109 audiatur,
604 2035 688 2098 etad
708 2036 865 2096 tumultum
885 2033 1071 2114 respondere,
1084 2042 1116 2093 et
1134 2052 1294 2094 termonem
1317 2053 1356 2096 cx

266 2144 400 2188 winone
413 2147 519 2200 cerere,
532 2147 619 2188 nemo
641 2138 687 2188 eet
708 2127 780 2207 quin
802 2126 904 2208 poenit.
945 2122 1164 2186 Tumultuando
1184 2125 1273 2204 igitur
1295 2145 1353 2187 non

264 2219 427 2284 itineremini
439 2219 688 2294 orationibun,ned
701 2228 733 2280 ct
746 2237 962 2300 supervacanea
975 2217 1112 2299 quaedam
1125 2215 1224 2277 andire
1235 2235 1355 2279 necate

267 2311 391 2374 hebetia.
435 2312 505 2373 Mea
527 2330 597 2373 vero
619 2311 765 2377 cententio
778 2310 815 2371 de
838 2311 884 2370 hin
903 2309 991 2372 rebus
1012 2309 1049 2370 de
1067 2309 1174 2388 quibur
1187 2307 1355 2372 delboren

265 2405 331 2466 bne
343 2414 399 2464 cat.
