2967 5017
278 353 335 413 tta
618 351 661 411 ΙΝ
682 351 1024 454 crustrflou‘ruut.

275 523 367 566 nemo
378 507 594 585 promounerit,
604 509 802 570 internoscere
812 509 941 590 possitis.
967 509 1002 568 ld
1016 514 1143 577 uotum,
1153 507 1234 587 qnod
1249 509 1389 569 istorum

215 617 223 631 ·
273 600 426 678 utrimque
438 619 593 660 commune
606 614 652 661 est
663 603 803 681 quodque
813 602 851 661 de
865 602 900 661 iis
914 599 992 681 apud
1006 619 1059 660 vos
1073 599 1177 686 merito
1188 599 1248 658 dici
1259 611 1383 679 potest,

274 711 429 770 exponam.
468 693 505 753 lu
519 694 581 752 loro
595 694 683 772 igitur
694 694 928 753 circumcursant
942 711 1038 752 reram
1051 692 1124 752 alter
1136 692 1174 751 de
1194 693 1294 752 altero
1307 693 1383 772 opi·

272 783 391 844 aionem
402 784 556 855 habentes,
570 803 717 862 vocesque
727 785 844 843 minime
858 785 951 844 falsas
960 784 1121 862 jactantes.
1143 783 1244 861 Negat
1251 805 1286 842 se
1297 785 1380 844 Gre-

273 872 376 952 siphon
390 874 444 934 sibi
457 876 613 953 quicquam
625 877 748 943 timere:
771 885 869 953 sperat
878 876 954 934 enim
969 895 1001 934 se
1019 875 1167 934 stolidum
1177 876 1329 953 quendam
1347 885 1382 934 ct

153 987 158 994 ·
272 966 437 1044 imperitum
450 967 546 1026 risum
559 967 594 1026 iri
605 985 614 1024 ι
635 967 688 1025 sed
701 965 911 1026 Demosthenis
924 966 954 1024 in
965 965 1198 1025 administranda
1211 985 1270 1044 rep.
1289 987 1381 1045 quoe·

273 1072 337 1122 stus
346 1062 507 1140 flagitiosos
520 1072 553 1121 et
564 1063 835 1121 consternationem
845 1071 876 1119 et
888 1061 1044 1140 ignaviam,
1057 1077 1094 1118 ea
1106 1075 1177 1142 vero
1187 1079 1220 1118 se
1231 1062 1380 1138 pertime-

273 1172 357 1213 scere
369 1154 533 1212 confirmat.
559 1153 776 1212 Demosthenes
791 1161 903 1224 conus,
917 1171 985 1211 oum
999 1151 1030 1210 in
1043 1152 1152 1229 seipse
1170 1151 1314 1225 intuetur,
1328 1172 1380 1212 se·
1394 1213 1403 1226 ,
1468 1195 1469 1230 ,

272 1264 343 1304 curo
356 1265 389 1304 se
402 1245 499 1304 animo
519 1264 585 1305 esse
598 1246 757 1324 praedicat:
779 1255 811 1304 at
829 1244 1028 1324 Ctesiphontis
1053 1236 1267 1322 improbitatem
1282 1245 1374 1306 etle·
1468 1267 1469 1344 ι

194 1417 202 1431 Ι
271 1336 389 1404 uncinis
397 1337 818 1416 vehementerperhorrescere.
844 1338 928 1403 Quos
939 1337 1027 1416 igitur
1040 1353 1095 1396 sus
1106 1345 1207 1394 mutua
1222 1339 1376 1397 sententia

271 1428 447 1508 flagitiorum
460 1429 568 1510 arguit,
587 1448 642 1489 vos
655 1429 997 1511 communesutriusqua
1006 1417 1123 1507 judices
1141 1427 1312 1488 criminibus
1331 1449 1373 1487 ne

272 1521 432 1675 ώῗῖἓῖηὸι
445 1613 480 1673 iis
490 1633 559 1675 vero
572 1634 638 1702 que
653 1615 683 1674 in
697 1635 745 1675 me
759 1623 901 1694 congeret
912 1613 1076 1675 maledictis
1091 1633 1187 1694 pauca
1200 1609 1281 1674 hunc
1295 1635 1376 1694 pree·

270 1707 363 1767 fabor.
384 1707 483 1766 Audio
493 1708 569 1766 enim
583 1707 813 1771 Demosthenem
827 1708 984 1778 dicturum,
999 1707 1207 1786 rempublicam
1222 1726 1242 1766 a
1256 1727 1291 1767 se
1305 1709 1373 1786 qui·
1468 1753 1469 1760 ,

270 1798 341 1859 (lem
365 1799 460 1858 multa
477 1798 642 1871 commoda,
664 1818 682 1858 ιι
701 1819 750 1858 me
771 1809 870 1858 autem
891 1799 985 1858 multa
1005 1800 1114 1859 damna
1136 1798 1316 1877 suscepisse,
1340 1810 1373 1860 et

270 1892 355 1952 simul
369 1890 536 1970 Philippum
550 1902 582 1950 et
595 1891 795 1951 Alexandrum
804 1889 897 1968 'atque
916 1889 985 1949 inde
999 1901 1068 1966 nate
1082 1890 1202 1950 crimina
1214 1891 1245 1949 ia
1259 1909 1308 1950 me
1322 1911 1371 1952 rc·

266 1985 425 2060 jacturam.
448 1984 502 2042 Est
513 1984 602 2052 enim,
616 1991 650 2041 ut
661 1982 786 2054 videtur,
801 1983 876 2041 odeo
890 1979 1016 2042 callrllus
1030 1985 1185 2042 rerbomrn
1199 1983 1315 2056 artifex,
1335 1997 1371 2044 ut

265 2075 328 2154 jam
341 2075 487 2134 nonsatis
499 2075 617 2146 habeat,
631 2074 727 2153 siquid
746 2093 803 2152 ego
816 2073 845 2132 in
859 2093 922 2152 rep.
937 2073 1016 2152 gessi
1028 2074 1076 2159 ιιι
1096 2075 1195 2154 siquas
1218 2077 1370 2137 orationes

269 2165 350 2244 apud
363 2185 416 2224 ros
429 2165 528 2237 habui,
547 2166 694 2238 incusare,
715 2167 769 2224 setl
790 2167 886 2245 ipsum
906 2166 975 2226 ritae
993 2185 1066 2226 meae
1087 2168 1176 2226 otium
1198 2168 1369 2228 criminatur

269 2275 425 2335 meumque
433 2255 580 2316 silentium
593 2257 753 2330 insimulat,
764 2278 802 2317 ne
812 2260 877 2335 quis
888 2257 914 2316 ei
928 2258 1011 2317 locus
1022 2257 1134 2318 scilicet
1149 2259 1304 2319 calumniae
1314 2282 1368 2322 ra·

232 2419 236 2426 ,
270 2368 344 2411 euos
359 2351 557 2430 relinquatur:
579 2363 672 2411 cintus
682 2369 770 2429 porro
780 2361 811 2409 et
825 2351 982 2429 colloquia,
996 2371 1063 2428 quae
1076 2352 1105 2410 in
1121 2354 1283 2431 gymnasiis
1296 2373 1366 2413 cum

270 2443 497 2503 adolescentulis
510 2443 616 2514 habeo,
634 2443 838 2520 reprehenditr
852 2441 931 2546 'quin
949 2452 980 2502 et
1000 2454 1103 2503 contra
1116 2444 1215 2504 hanc'
1208 2465 1302 2524 ipsam
1316 2467 1368 2507 ac·
1468 2471 1469 2474 ¹

187 2578 191 2587 ,
267 2534 377 2592 tionem
391 2532 490 2591 statim
502 2531 639 2592 orationis
652 2552 715 2592 sure
724 2533 807 2594 initio
818 2534 927 2593 crimen
941 2535 1089 2614 quoddam
1102 2535 1213 2608 afferet,
1227 2539 1367 2598 melitem

267 2645 295 2684 ιι
286 2624 462 2684 intendisse
474 2643 535 2684 non
545 2625 642 2686 studio
654 2626 823 2705 reipublicae
838 2625 1007 2697 adductum,
1024 2625 1077 2686 sed
1086 2637 1119 2686 ut
1132 2646 1180 2687 me
1193 2628 1367 2690 Alexandro

268 2726 445 2777 ostentarem
456 2727 577 2822 propter
586 2717 751 2776 inimicitias
761 2735 829 2794 quoe
841 2715 882 2774 illi
892 2735 959 2776 cum
973 2717 1030 2777 isto
1039 2718 1235 2778 intercedunt
1260 2719 1367 2779 Enim-

267 2829 347 2880 rero,
358 2818 391 2867 ιι
404 2810 515 2887 accepi,
530 2827 567 2867 ιι
576 2827 625 2868 ιιι
637 2807 725 2867 etiam
737 2800 913 2886 quaesiturus
923 2817 978 2878 est,
993 2827 1052 2867 cur
1058 2829 1115 2888 ego
1125 2829 1221 2869 rerum
1235 2829 1254 2868 a
1264 2821 1299 2869 te
1310 2831 1366 2889 ge-

268 2912 380 2962 starum
399 2919 544 2960 summam
562 2900 786 2978 reprehendam,
808 2900 940 2977 singulas
954 2917 1022 2959 vero
1036 2920 1132 2978 neque
1155 2901 1365 2981 interpellarim

267 3013 364 3071 neque
375 3011 406 3052 ιι
413 2993 556 3066 Judrcrum
568 2991 751 3063 adduxerim,
765 2990 817 3050 sed
830 2990 919 3070 longo
934 2992 1053 3049 demum
1074 2991 1234 3066 intervallo,
1248 3002 1279 3053 et
1294 3015 1363 3054 cum

266 3086 459 3166 inrepublica
479 3083 709 3144 administranda
727 3101 787 3142 non
808 3082 927 3142 assidue
947 3092 1080 3142 versatus
1094 3103 1201 3157 essem,
1222 3085 1259 3146 ad
1273 3105 1361 3147 sccu-

267 3176 592 3238 smdumaccesserim.

308 3273 358 3328 77.
380 3271 446 3346 Ego
463 3287 533 3327 vero
553 3285 650 3343 neque
671 3266 880 3326 Demosthenis
900 3268 1144 3346 cousuetudinem
1164 3278 1197 3330 et
1216 3271 1363 3350 colloquia

266 3360 481 3436 mibiunqtram
491 3356 651 3416 inridenda
659 3355 738 3427 duxi,
752 3377 848 3436 neque
861 3377 993 3418 meorum
1007 3379 1054 3420 me
1068 3361 1170 3440 pudet,
1186 3381 1281 3441 neque
1294 3383 1361 3442 qum

163 3501 170 3510 .
266 3469 365 3512 coram
385 3449 467 3509 robis
481 3469 501 3508 a
512 3467 562 3507 me
575 3448 657 3508 dicta
676 3459 746 3509 suut
757 3449 870 3510 indicta
882 3470 948 3510 esse
961 3452 1059 3523 velim,
1083 3471 1188 3532 neque,
1211 3455 1236 3513 si
1256 3456 1359 3534 quales

265 3544 321 3604 iste
337 3542 438 3604 hahuit
451 3541 609 3602 conciones
626 3540 806 3613 habuissem,
822 3543 890 3602 mihi
913 3543 1023 3604 diutius
1041 3544 1196 3604 vivendum
1215 3557 1359 3624 putarem.

187 3671 199 3679 ·
266 3637 368 3697 Meum
381 3655 450 3696 vero
462 3635 620 3706 silentium,
632 3633 857 3706 Demosthenes,
871 3637 938 3694 ritoe
949 3655 1023 3695 mem
1034 3637 1214 3697 continentia
1227 3633 1358 3717 peperit:

265 3746 356 3810 parvo
367 3729 446 3788 enim
459 3745 525 3786 sum
539 3738 705 3796 contentus,
725 3745 782 3785 nec
796 3727 906 3806 majora
918 3728 1041 3806 turpiter
1053 3730 1238 3809 concupisco,
1259 3731 1360 3809 itaque

264 3828 296 3884 st
308 3822 427 3881 silentio
439 3830 506 3879 utor
517 3832 549 3879 et
561 3819 600 3878 ad
614 3819 775 3880 dicendum
787 3819 873 3878 venio
886 3820 1010 3880 consilio
1030 3821 1187 3894 adductus,
1200 3841 1260 3881 non
1272 3823 1360 3884 insita

139 3913 146 3928 ⁸
262 3901 383 3994 iugenio
395 3912 511 3972 luxuria
523 3923 654 3971 coactus.
676 3912 717 3970 At
726 3922 759 3970 tu
773 3912 875 3990 opinor
889 3923 1012 3991 accepto
1026 3931 1145 3973 munere
1154 3913 1271 3983 siluisti,
1285 3935 1357 3976 con·

264 4017 384 4087 sumpto
401 4005 577 4066 vociferatus
591 4023 645 4074 ιιι
670 4004 746 4063 dicis
765 4012 874 4075 autem,
887 4023 947 4062 non
961 4023 1029 4063 cum
1050 4005 1102 4064 tibi
1115 4005 1250 4066 rideatur
1262 4025 1357 4085 neque

263 4115 300 4157 ea
311 4119 379 4177 quae
390 4098 475 4170 uelis,
487 4097 541 4156 sed
553 4115 623 4156 cum
642 4096 661 4153 ii
683 4095 734 4174 qui
756 4113 873 4174 operam
891 4105 972 4154 tuam
986 4107 1151 4155 mercantur
1169 4097 1355 4175 imperarint:

263 4209 359 4268 neque
370 4211 408 4251 ea
419 4200 450 4250 te
463 4188 556 4269 pudet
573 4197 745 4267 arroganter
757 4187 923 4260 decantare,
937 4207 1004 4264 quos
1017 4187 1108 4267 paulo
1121 4198 1191 4268 post
1203 4209 1222 4248 a
1234 4200 1265 4248 tc
1284 4209 1354 4251 con·

262 4281 333 4342 ficta
345 4302 412 4343 esse
425 4291 593 4361 arguentur

302 4374 353 4432 78.
375 4374 530 4452 Namque'
521 4393 553 4432 m
561 4371 705 4452 judicium
718 4371 848 4432 deducta
867 4379 913 4430 cst
925 4371 989 4431 hsec
1004 4372 1057 4433 de
1062 4373 1136 4433 scito
1155 4323 1355 4456 Ctesiphontis

263 4466 349 4539 actio,
363 4483 451 4544 quam
464 4471 497 4525 tu
511 4484 559 4525 me
569 4460 730 4524 intendisse
739 4462 867 4535 dictim,
878 4481 937 4523 uon
951 4483 1010 4542 quo
1019 4463 1188 4546 reipublice
1198 4469 1356 4540 studerem,
