2967 5017
347 337 392 399 iii
413 335 619 400 aunuatim
641 336 692 400 ΕΤ
712 335 1000 401 Muuslsuwu.
1158 343 1218 404 66⁹

124 494 245 555 strictos
257 489 446 574 magistratus
470 513 488 556 a
507 495 604 574 priore
621 497 791 576 magistratu
808 497 981 577 accepisset,
996 482 1079 558 uobis
1096 497 1226 558 eusdem·

122 583 247 648 tradidit
267 596 301 646 ut
321 595 351 646 et
368 585 415 646 lex
434 595 465 647 et
476 587 596 656 ¹decreta
611 589 803 650 mandabant.
846 591 906 649 Eos
917 589 1005 669 igitur
1018 589 1087 648 mibi
1099 603 1219 652 necesse

122 678 181 738 fuit
202 678 347 759 accipere,
369 699 437 740 nam
454 699 522 740 cum
545 682 739 760 superioribus
759 683 938 762 temporibus
958 682 1067 742 multas
1090 682 1221 746 trirem

121 770 208 832 vobis
222 771 419 841 instruxerim,
434 791 581 852 uunquam
599 794 615 833 e
636 773 731 833 navali
752 785 931 834 armamenta
949 775 1070 854 sumpsi,
1083 776 1136 834 sed
1157 777 1220 855 ipse

121 864 257 944 privatim
284 865 397 942 quoties
416 883 489 944 opus
511 866 568 924 snit
592 867 767 947 comparavi,
783 879 816 926 ut
832 887 900 926 cum
923 871 1024 948 repub.
1046 867 1116 927 mibi
1130 889 1220 947 quam

121 957 275 1015 minimum
288 957 395 1035 negotii
410 969 507 1018 esset:
538 969 599 1018 tum
617 977 686 1018 rero
708 970 739 1020 et
759 960 885 1020 decretis
906 971 937 1019 et
959 961 1073 1039 legibus
1086 963 1220 1041 accipere

121 1049 262 1127 cogebar.
304 1050 346 1108 Ut
365 1061 460 1110 autem
484 1051 548 1110 baec
562 1071 580 1112 a
593 1069 639 1110 me
653 1069 720 1110 vere
738 1052 796 1112 dici
811 1061 937 1122 constet,
951 1064 982 1112 et
1004 1064 1095 1113 testes
1114 1054 1218 1114 horum

121 1140 219 1213 vobis,
233 1151 263 1201 et
274 1142 421 1202 decretum
433 1153 464 1202 et
476 1143 582 1222 legem,
596 1143 759 1204 exhibebo:
780 1144 896 1215 deiude,
909 1146 1109 1224 magistratum
1123 1146 1219 1226 ipsum

121 1233 177 1310 qui
197 1242 227 1293 et
246 1253 310 1294 eam
324 1235 393 1293 mibi
406 1235 584 1315 provinciam
598 1235 717 1295 tradidit
729 1247 761 1296 et
774 1255 829 1295 nos
849 1235 877 1293 in
887 1236 1031 1311 judicium
1045 1237 1219 1299 introduxit:

122 1324 242 1476 ἶῗιιάε,
257 1325 360 1386 classis
384 1325 447 1406 ejus
462 1337 622 1400 consortes,
637 1331 720 1404 cujus
739 1347 795 1407 ego
813 1337 930 1388 curator
951 1337 982 1388 et
994 1328 1152 1408 prefectus
1165 1330 1218 1390 fui.

167 1437 214 1497 ge.

308 1637 400 1699 LEX.
440 1637 689 1700 DECRETUM.
728 1639 1033 1700 TESTIMONIUM.

117 1778 202 1838 Mihi
216 1779 304 1857 igitur
318 1780 436 1840 omnino
450 1799 570 1840 necesse
583 1779 671 1839 fuisse
686 1778 835 1858 suscipere
856 1799 909 1840 eos
928 1781 980 1859 qui
996 1780 1107 1860 reipub.
1128 1780 1221 1843 debe·

115 1877 210 1943 bant,
221 1881 252 1930 et
265 1891 281 1930 e
295 1871 361 1949 iege
375 1871 481 1932 auditis
504 1882 535 1930 et
554 1892 570 1932 e
593 1869 738 1932 decretis:
768 1890 815 1930 me
834 1871 923 1931 etiam
942 1872 1091 1951 accepisse
1113 1872 1179 1934 iilos
1202 1894 1222 1936 a

118 1965 309 2044 magistratu,
325 1963 349 2023 is
364 1964 413 2042 qui
428 1983 479 2024 eos
489 1963 559 2022 mihi
569 1962 686 2023 tradidit
701 1963 873 2024 testificatus
884 1975 938 2023 est.

166 2060 196 2117 8.
217 2056 344 2116 Proinde
364 2075 418 2136 par
437 2065 492 2128 cst,
506 2056 639 2128 iudices,
655 2065 687 2114 ut
704 2074 757 2114 vos
776 2057 814 2114 ab
836 2055 919 2116 initio
940 2056 1141 2130 consideretis,
1161 2060 1221 2138 pri·

120 2169 216 2221 mum,
230 2169 324 2228 egone
338 2149 568 2229 injuriusfuerim
583 2149 632 2228 qui
642 2149 768 2228 cogebar
781 2166 853 2207 rasa
863 2149 983 2227 exigere
993 2151 1219 2231 aTheopbemo,

122 2263 163 2304 an
183 2242 400 2322 Theophemus,
414 2242 465 2322 qui
478 2252 658 2301 armamenta
671 2240 783 2320 reipub.
797 2241 888 2320 iougo
901 2253 1032 2321 tempore
1047 2244 1147 2305 debita
1158 2265 1220 2306 non

121 2335 274 2396 reddebat.
309 2334 396 2403 Quod
418 2335 443 2392 si
464 2334 580 2412 singula
594 2333 774 2413 spectabitis,
787 2343 818 2392 et
840 2333 1062 2413 Theophemum
1082 2337 1113 2394 in
1126 2339 1220 2398 omni-

121 2429 182 2488 bus
196 2427 332 2506 injurium
342 2427 442 2496 fuisse,
454 2436 484 2486 et
497 2426 562 2485 herc
574 2445 631 2486 non
647 2445 666 2484 a
679 2445 724 2484 me
736 2426 831 2484 solum
841 2425 935 2484 verbis
952 2426 1108 2505 explicata,
1123 2429 1176 2490 sed
1189 2441 1222 2491 et

16 2521 17 2530 ’
124 2531 245 2594 senatus
259 2531 289 2580 et
298 2519 402 2599 judicii
416 2518 554 2596 suffragio
568 2519 687 2578 decreta
699 2538 766 2577 esse
778 2518 936 2596 reperietis.
972 2517 1048 2578 Cum
1062 2522 1139 2580 enim
1153 2543 1221 2584 eum

124 2635 142 2676 a
162 2613 332 2693 magistratu
354 2613 542 2691 accepissem,
558 2613 676 2682 accessi,
697 2619 728 2668 et
745 2612 867 2689 primum
882 2629 953 2670 rasa
974 2613 1138 2689 postulavi:
1161 2635 1220 2694 quo

16 2731 17 2738 ι
124 2707 221 2778 iacto,
239 2705 369 2766 camille
391 2704 462 2763 nihil
487 2703 631 2775 redderet,
647 2702 774 2780 mihique
792 2712 895 2780 postea
908 2722 1000 2782 prope
1015 2705 1221 2766 Mercurialem

125 2811 253 2860 statuam
266 2817 332 2876 quse
345 2797 382 2858 ad
397 2795 546 2856 Portulam
561 2804 609 2854 est
622 2794 806 2865 occurrisset,
820 2793 937 2854 eumad
950 2794 1053 2854 classis
1063 2798 1219 2901 prefectos

125 2901 158 2951 et
170 2891 209 2950 ad
223 2889 369 2950 navalium
383 2897 532 2946 curatores
547 2886 602 2988 qui·
617 2895 680 2944 tum
697 2882 925 2962 disceptationes
940 2883 978 2943 de
992 2889 1177 2947 armamentis
1191 2889 1221 2946 in

120 2983 266 3066 judicium
280 2980 504 3040 introducebant
517 2976 615 3038 citavi.
650 2976 699 3034 Ut
718 2985 817 3035 autem
839 2993 886 3035 me
897 2993 969 3067 rera
984 2975 1082 3036 dicere
1094 2987 1220 3052 constet,

125 3078 231 3139 hcmm
243 3074 327 3136 vobis
340 3083 431 3134 testes
442 3072 567 3133 viatores
581 3068 752 3150 producam.

594 3297 753 3358 TESTES.

128 3450 203 3510 Eum
223 3447 311 3527 igitur
332 3465 352 3507 a
370 3463 417 3505 mc
435 3444 526 3504 fuisse
546 3441 677 3512 citatum,
701 3439 827 3500 viatores
847 3439 995 3500 testificati
1017 3449 1105 3500 sunt:
1134 3449 1222 3522 atque

128 3545 215 3606 etiam
234 3541 264 3600 in
283 3539 425 3621 judicium
441 3557 505 3598 esse
527 3535 736 3608 introductum,
750 3533 855 3595 classis
868 3535 1073 3615 prefectorum
1085 3543 1118 3594 et
1116 3537 1223 3658 ’magi

129 3646 236 3698 stratas
249 3632 444 3696 testimonium
456 3629 593 3691 ostendit.

521 3843 827 3909 TESTIMONIUM.

16 4057 17 4076 ,
168 4001 198 4058 9.
221 3998 317 4066 Quem
328 3995 417 4074 igitur
430 3991 499 4051 mihi
514 3988 632 4070 negotia
646 3989 850 4050 facessiturum
859 3989 998 4067 putabam
1008 3983 1224 4046 Democharem

16 4085 17 4094 ¹
131 4091 345 4161 Paeaniensem,
364 4087 399 4158 is,
418 4086 586 4166 priusquam
599 4081 629 4142 in
638 4080 782 4162 judicium
795 4080 1036 4148 introduceretur,
1051 4095 1122 4137 saue
1135 4077 1227 4137 mole·

132 4197 192 4245 stus
214 4183 283 4242 suit:
304 4188 461 4260 postquam
482 4195 551 4236 vero
575 4175 761 4235 introductus
783 4183 814 4233 et
837 4172 991 4233 damnatus
1011 4167 1079 4243 init,
1099 4169 1228 4230 reddidit

132 4296 215 4337 suam
235 4280 480 4334 armamentorum
502 4277 624 4348 partem.
666 4267 763 4332 Quem
781 4284 850 4325 rero
863 4281 1014 4342 uunquam
1035 4279 1072 4322 eo
1089 4261 1226 4342 improbi·
1306 4274 1309 4283 “

130 4368 199 4429 tatis
214 4375 370 4426 venturum
385 4361 536 4443 putabam,
549 4368 585 4419 ut
596 4356 783 4418 armamentis
796 4354 932 4416 fraudare
948 4373 1040 4433 remp.
1055 4351 1186 4440 auderet,
1201 4353 1226 4412 is
1284 4421 1288 4428 ,

133 4477 167 4523 sn
178 4477 275 4539 usque
284 4453 518 4520 contentionibus
530 4463 561 4514 et
571 4449 773 4515 vexationibus
781 4447 940 4529 processit:
955 4466 1023 4510 uam
1033 4465 1101 4509 cum
1109 4446 1229 4508 adeant
