2967 5017
264 309 324 376 600
550 305 769 378 somnone
789 300 1055 376 PlldllthPUM.

665 607 949 670 DECLARATIO.

301 745 332 810 9.
352 749 477 824 Aurinia
503 749 634 824 ludices,
662 750 815 832 Pamphilo
839 751 934 830 inquit
956 759 987 811 et
1008 743 1140 811 Philoleo
1160 747 1350 813 Rhamnuaiis

263 844 455 904 communiter
468 843 609 903 talentum
624 862 662 904 ex
672 843 765 903 fundo
777 843 881 917 debeo,
895 851 928 904 et
939 842 1072 903 Aiacidae
1085 843 1224 923 Pblyensi
1245 853 1351 924 quater

262 935 342 994 mille
365 934 529 1007 drachmas,
548 946 578 995 et
599 937 776 996 Aristomeui
800 937 981 1017 Anegyrusio
1002 935 1222 1014 quatuordecim
1244 938 1351 998 minas.

263 1027 459 1096 Quamobrem
477 1027 575 1106 igitur,
589 1027 761 1108 Phrenippe,
774 1047 840 1088 cum
855 1047 912 1106 ego
932 1028 1055 1088 testibus
1069 1027 1205 1088 adductis
1217 1039 1247 1088 te
1261 1029 1351 1090 inter-

262 1138 405 1201 rogarem,
419 1119 552 1199 nunquid
573 1121 693 1181 deberes
717 1131 834 1200 propter
852 1119 986 1192 fundum,
1007 1129 1038 1180 et
1050 1121 1182 1201 juberem
1197 1123 1350 1183 ostendere

261 1212 375 1274 libellos
389 1212 501 1274 iudices
522 1213 547 1272 si
567 1214 619 1293 qui
637 1214 712 1274 forte
726 1212 873 1284 adessent,
886 1223 917 1276 et
929 1223 1022 1274 testes
1036 1213 1214 1290 adhiberem,
1231 1234 1270 1274 ne
1280 1217 1352 1277 mibi

261 1315 365 1386 posteo
377 1305 470 1368 nautii
486 1305 644 1368 creditores
657 1306 842 1376 exsisterent,
858 1316 919 1365 tum
931 1306 1044 1366 nullum
1057 1327 1098 1366 aas
1111 1307 1237 1367 alienum
1251 1308 1353 1370 declu-

262 1400 350 1461 rasti:
371 1407 523 1478 postquam
543 1410 641 1460 autem
661 1399 793 1464 seeundo
813 1417 915 1460 mense
928 1399 999 1458 mibi
1015 1400 1243 1461 declarationem
1261 1401 1352 1461 tradi-

262 1490 341 1562 diou‘,
354 1489 421 1569 lege
430 1491 553 1570 jubente
575 1489 606 1550 id
622 1491 700 1552 intra
717 1490 847 1552 triduum
865 1491 1030 1561 detincre
1051 1492 1172 1552 veniunt
1184 1491 1351 1566 creditores,

263 1593 294 1644 at
305 1603 346 1644 tes
360 1581 484 1643 alienum
495 1582 618 1663 amplius
629 1583 712 1644 trium
723 1583 921 1645 talentoruml
941 1583 1028 1655 Quia,
1036 1583 1113 1644 bone
1125 1584 1179 1658 vir,
1188 1583 1260 1646 nihil
1273 1586 1354 1647 aliud

262 1675 361 1749 suun,
375 1674 430 1736 nisi
443 1685 475 1735 ut
487 1686 627 1754 quantum
640 1695 696 1756 ego
714 1677 834 1758 publice
854 1675 957 1737 erario
970 1678 1074 1751 debeo,
1088 1679 1263 1738 tantundem
1276 1689 1308 1740 et
1319 1691 1353 1740 tu

262 1769 395 1849 privatim
410 1769 530 1832 debeas.
568 1770 689 1830 Mentiri
704 1781 733 1832 te
748 1782 858 1845 summ,
871 1769 1043 1852 Phanippe,
1053 1781 1083 1832 et
1095 1791 1162 1831 eum
1176 1772 1302 1852 perjurio
1315 1773 1356 1832 ad

263 1861 318 1922 boa
331 1861 442 1933 venire,
457 1871 488 1922 te
512 1863 662 1924 manifeste
682 1865 866 1924 convincam.
907 1863 990 1942 Cape
1009 1863 1088 1934 mihi,
1105 1862 1209 1934 scriba,
1223 1865 1356 1926 Aiacidse

263 1965 294 2016 et
305 1952 453 2014 Tbeotelis
466 1953 674 2028 testimonium,
687 1955 792 2034 quibua
806 1955 861 2014 iste
876 1975 909 2014 se
924 1964 1028 2034 quater
1040 1953 1119 2013 mille
1132 1953 1287 2015 drachmas
1302 1957 1358 2016 de-

262 2046 331 2104 bere
344 2043 419 2104 lalso
431 2045 586 2125 inscripsit,
600 2058 686 2127 etque
699 2047 769 2106 olim
782 2046 918 2122 reddidit,
931 2067 991 2106 nou
1005 2047 1093 2118 ultro,
1106 2045 1159 2105 sed
1173 2044 1286 2124 judicio
1299 2048 1359 2108 da-

266 2147 393 2198 mnatas.
435 2135 549 2200 Recita.

655 2354 958 2416 TESTIMONIUM.

310 2497 357 2558 10.
378 2497 502 2570 Eumne,
514 2498 644 2572 Judices,
656 2498 705 2575 qui
719 2496 869 2578 itapulam
885 2498 916 2557 in
933 2496 1067 2557 omnibus
1088 2497 1195 2578 injuste
1216 2497 1285 2560 fecit
1303 2499 1359 2560 ‹le-

266 2589 461 2663 clemtionem,
474 2591 524 2670 qui
545 2609 638 2669 neque
660 2590 761 2670 legum
777 2590 868 2650 ullam
892 2589 1033 2650 rationem
1046 2590 1158 2662 babuit,
1173 2610 1241 2670 quoe
1252 2593 1361 2653 diffini·

265 2695 351 2746 erunt
363 2685 439 2745 intra
457 2704 524 2765 quas
539 2694 671 2765 tempora
691 2683 850 2746 declaratio
868 2683 1002 2743 facienda
1014 2683 1062 2754 sit,
1073 2703 1170 2761 neque
1182 2683 1360 2763 privatarum

265 2777 445 2858 pactionum,
467 2793 541 2857 ques
562 2795 645 2856 reque
665 2778 764 2837 firmas
785 2776 998 2840 existimamus3
1027 2782 1178 2852 praeterea,
1201 2775 1251 2853 qui
1272 2778 1361 2854 signa

266 2869 446 2933 conclavium
461 2872 583 2951 aperuit,
595 2881 626 2932 et
635 2872 813 2932 frumentum
826 2869 916 2927 domo
925 2866 1090 2945 exportavit
1102 2876 1133 2925 et
1143 2867 1257 2936 viunm;
1270 2877 1361 2946 atque

267 2964 384 3046 iusuper
406 2963 556 3039 materiam
577 2966 751 3022 oestimatarn
773 2968 840 3036 post
860 2956 1102 3037 permutationem
1123 2957 1265 3030 vendidit,
1291 2972 1361 3037 qute

262 3050 358 3136 pluris
372 3075 460 3135 quam
473 3047 593 3132 triginta
606 3055 747 3111 minarum
761 3046 830 3117 luit:
852 3059 883 3107 et
896 3049 976 3127 quod
990 3050 1118 3107 omnium
1136 3051 1304 3121 maximum,
1318 3069 1362 3112 oes

268 3147 395 3206 alienum
408 3155 589 3206 commentus
602 3155 648 3204 est
661 3141 882 3224 permutationis
893 3141 1001 3222 gratia:
1023 3160 1088 3204 euru
1098 3147 1178 3217 juste
1191 3141 1294 3202 fecisse
1308 3143 1362 3204 de·

268 3237 455 3298 elarationem
465 3235 710 3316 pronunciabitisl
737 3232 858 3295 Minime
871 3252 950 3306 vero,
963 3233 1095 3295 ludices.
1127 3235 1195 3303 Quo
1207 3235 1283 3294 enim
1291 3254 1361 3297 uer-

269 3337 330 3389 tere
342 3349 373 3390 se
381 3328 529 3389 debebitis
540 3329 587 3390 cui
597 3329 624 3389 in
636 3329 782 3388 sententia
792 3339 891 3388 vestra
901 3327 1030 3407 praesidii
1042 3327 1113 3387 nibil
1123 3329 1187 3400 erit,
1196 3327 1361 3390 sibomlnea

270 3419 375 3480 diuites
388 3429 419 3480 et
431 3439 582 3500 uunquam
595 3421 632 3481 de
645 3421 728 3481 vobis
742 3421 934 3493 benemeriti,
948 3419 1073 3479 multum
1087 3430 1118 3481 et
1129 3419 1246 3500 frugum
1258 3432 1289 3480 et
1302 3422 1363 3482 viui

269 3513 471 3594 percipientes,
484 3512 574 3594 idque
596 3513 682 3596 triplo
698 3512 790 3593 pluris
808 3523 897 3591 quam
918 3513 997 3592 prius
1018 3511 1222 3584 distrahentes,
1242 3513 1363 3573 meliore

269 3603 379 3666 suerint
398 3604 477 3685 apud
490 3625 543 3666 uos
559 3605 744 3666 conditional
764 3605 852 3674 Quod
872 3605 988 3686 minime
1008 3624 1086 3665 nunc
1104 3606 1165 3665 deri
1185 3606 1286 3666 debete
1307 3609 1363 3667 sed

271 3697 518 3778 quemadmodum
526 3697 642 3779 publice
648 3698 769 3779 juvistis
777 3713 879 3758 omnes
889 3717 940 3759 eos
949 3699 1000 3777 qui
1009 3699 1039 3758 in
1048 3694 1155 3758 fodinis
1165 3698 1309 3770 laborant,
1320 3701 1363 3762 sic

271 3801 302 3852 et
314 3791 446 3874 privatim
464 3811 510 3851 me
519 3795 651 3871 juvatote
665 3809 755 3850 nuno.
797 3791 922 3862 Etenim,
936 3791 960 3852 si
974 3811 1083 3862 servus,
1097 3811 1155 3850 non
1169 3792 1241 3852 ciuis
1255 3804 1365 3870 vester,

272 3897 378 3959 essem,
400 3884 463 3944 uisa
482 3881 625 3944 industria
648 3903 713 3945 mea
735 3893 766 3944 et
789 3884 886 3943 studio
911 3903 982 3963 erga
1000 3903 1062 3957 uos,
1085 3883 1292 3945 sublevassetis
1315 3905 1364 3947 me

271 3979 443 4058 sumptibus,
461 3987 492 4038 et
511 3979 634 4058 aliquem
653 3979 740 4038 alium
760 3977 914 4058 fugitivum
928 3977 1234 4058 comprehendissetim
1257 3977 1363 4039 eodem

272 4069 372 4139 modo,
384 4070 435 4131 ubl
448 4070 503 4131 tria
515 4072 626 4132 talenta
646 4073 760 4131 solvero
772 4090 838 4150 qua
853 4071 957 4143 debeo,
971 4081 1002 4132 et
1014 4072 1088 4132 vires
1103 4089 1286 4151 recuperato,
1299 4089 1363 4131 rur-

275 4174 325 4220 sus
338 4161 488 4224 sublevato
501 4164 670 4226 calamitoso
684 4160 791 4242 aliquo,
805 4163 844 4223 ad
857 4183 904 4224 me
917 4180 1034 4244 quoqne
1047 4165 1182 4224 venietis:
1204 4181 1282 4223 nunc
1294 4182 1364 4224 varo

272 4268 321 4312 me
335 4253 455 4316 urbemn
474 4265 508 4318 ut
528 4257 652 4331 faciatis,
666 4275 768 4317 omnes
782 4277 835 4318 vos
849 4276 910 4333 oro,
924 4257 1054 4332 ludices,
1068 4269 1108 4331 et,
1121 4277 1189 4318 eum
1210 4273 1295 4338 aequa
1318 4258 1364 4318 di-

275 4343 374 4420 xerim,
387 4363 490 4426 precor
502 4359 537 4408 ut
549 4367 595 4411 me
604 4351 724 4430 juvetis,
735 4359 765 4410 et
777 4352 814 4410 ub
827 4351 890 4411 istis
904 4351 1041 4430 exagitari
1053 4365 1090 4410 ne
1102 4351 1260 4430 patiamini.
