2967 5017
462 326 632 397 cottus
653 325 848 397 umus.
1137 326 1195 393 ttt

107 472 241 555 lleribus,
253 504 321 565 qun
335 502 420 549 sacra
432 486 497 549 bac
510 489 669 563 intuentur,
678 487 762 561 ellari
772 488 862 551 lisera
872 485 953 567 apntl
971 484 1057 558 alios,
1067 484 1199 548 matimo·

48 638 53 647 ,
108 575 192 638 nium
215 578 303 639 etiam
323 576 405 641 robis
425 579 636 655 exhibebimus,
651 591 764 643 secreto
783 580 856 641 illud
869 580 988 659 quidem
1002 578 1122 649 meum,
1144 578 1200 642 tell

107 670 192 748 quod
206 672 292 732 rebus
305 672 375 753 ipsis
388 683 485 733 tamen
497 686 529 735 et
544 672 728 755 perspicuum
742 686 775 736 et
791 692 891 735 rerum
905 692 971 734 esse
983 671 1202 733 demonstmbn.

109 760 189 821 Cum
211 762 381 842 boecsecra
401 767 556 841 borentot
575 768 732 830 novemriri
753 768 783 827 in
796 767 893 828 vicum
907 766 1046 827 Martium
1065 765 1202 844 legitimis

108 850 550 933 diebusatlsoenderent,statim
558 858 1203 941 senatusAreopagiticus,quiinaliisquoqne

106 945 300 1026 religionibus
314 950 428 1011 tuendis
442 952 565 1013 multum
578 952 743 1033 reipublice
757 950 935 1023 commodat,
944 950 1061 1031 inquirit
1071 952 1102 1009 in
1113 948 1201 1013 istem

108 1038 284 1121 Theogenis
297 1061 424 1115 uxorem,
440 1063 574 1123 quanam
595 1054 685 1119 esset,
703 1062 829 1122 eamque
843 1042 984 1122 coarguit,
999 1052 1031 1102 et
1053 1059 1203 1105 mom

105 1149 213 1191 curam
234 1133 363 1213 suscipit,
384 1144 415 1194 et
435 1134 622 1217 Theogenem
641 1156 695 1219 pro
713 1154 767 1196 suo
780 1146 923 1217 potestate
942 1133 1076 1209 mulctet,
1088 1147 1203 1199 secreto

108 1232 220 1293 tamem
236 1235 346 1287 etcum
361 1228 521 1297 modestia;
543 1248 598 1289 nec
613 1228 689 1289 enim
708 1246 744 1290 ea
757 1237 827 1288 sunt
843 1226 959 1308 praediti
973 1224 1157 1301 auctoritate,
1168 1240 1204 1291 ut

108 1333 287 1395 quemquam
299 1318 517 1381 Atheniensium
537 1339 591 1401 pro
610 1341 665 1383 sua
683 1319 803 1383 libidine
818 1320 951 1401 puniant.
993 1320 1092 1381 Factis
1104 1332 1204 1383 autem

107 1407 216 1481 verbis,
239 1420 270 1469 et
292 1422 397 1471 senatu
420 1413 546 1491 graviter
571 1415 692 1488 serenta,
713 1414 964 1494 Theogenemque
983 1412 1133 1494 puniente
1153 1416 1204 1493 (1¹¹5

107 1498 203 1561 talem
217 1522 334 1564 uxorem
351 1503 492 1581 duxisset,
507 1527 630 1588 eamque
644 1525 752 1569 arcana
770 1524 823 1589 pro
844 1505 994 1587 republica
1006 1525 1089 1567 sacre
1107 1506 1206 1569 facem

107 1593 301 1671 permisisset,
316 1598 488 1675 precabatur
507 1592 691 1678 Theogenes,
713 1594 906 1680 supplicabat,
926 1599 1137 1671 obtestabatur,
1160 1597 1207 1659 di·

106 1704 195 1754 cens,
209 1686 336 1746 nescisse
348 1708 380 1747 se
395 1688 509 1749 Neaeroe
526 1710 591 1752 esse
606 1689 707 1760 liliam,
721 1690 775 1751 sad
785 1690 943 1769 deceptum
953 1709 973 1749 a
982 1688 1205 1771 Stephano,prc

107 1795 254 1855 germana
267 1778 329 1858 ejus
344 1779 464 1839 duxisse
487 1780 557 1853 filia,
571 1801 610 1842 ex
633 1779 709 1861 lege,
723 1792 754 1841 et
774 1791 892 1861 propter
912 1780 1082 1859 imperitiam
1098 1798 1205 1857 aarum,

107 1886 257 1949 suamque
266 1870 489 1950 simplicitatem,
498 1872 585 1933 istum
600 1892 776 1935 assessorem
790 1872 845 1932 sibi
855 1872 1025 1943 adscivisse,
1035 1873 1206 1955 utismagi·

108 1968 209 2019 stratu
229 1961 409 2043 iungeretur,
432 1975 572 2045 tanquam
591 1964 777 2040 benevolum,
794 1976 1005 2046 proptereaque
1026 1964 1206 2028 connexisse

106 2070 182 2113 cum
196 2072 232 2115 eo
245 2054 425 2117 affinitatem.
454 2058 505 2117 Me
516 2078 596 2131 vero,
609 2058 715 2139 inquit,
727 2079 789 2119 non
801 2058 925 2131 mentiri,
940 2076 1046 2138 magno
1057 2068 1089 2118 et
1099 2057 1206 2121 illustri

111 2144 196 2207 robis
210 2160 382 2227 argumento
395 2152 534 2229 probabo.
576 2152 729 2213 Mulierem
742 2153 821 2213 enim
831 2150 945 2231 ejiciam
958 2150 1056 2223 domo,
1068 2153 1205 2229 quoniam

110 2256 173 2297 non
198 2240 348 2319 Stephani,
362 2243 415 2302 sed
432 2243 546 2305 Neoeroe
566 2254 612 2305 est
625 2244 694 2305 filia.
735 2244 825 2312 Quod
837 2243 889 2302 ubi
906 2245 1013 2313 secero,
1033 2245 1206 2306 tumrerbis

112 2332 187 2391 meis
206 2332 340 2395 adhibete
368 2334 466 2411 fidem,
484 2356 553 2397 cum
574 2337 641 2398 dico
656 2358 703 2399 me
724 2337 900 2416 deceptum:
922 2336 967 2394 sin
984 2334 1080 2395 minus
1097 2336 1206 2409 iocoso,

112 2430 176 2483 tum
189 2444 260 2485 vero
272 2446 319 2486 me
337 2428 478 2507 punitote,
492 2440 525 2489 ut
537 2429 709 2510 improbum,
724 2439 756 2489 et
765 2429 796 2496 in
815 2428 887 2503 deos
899 2428 1029 2507 impium.
1068 2424 1207 2490 Pollicito

112 2518 203 2598 igitur
214 2517 278 2579 baec
293 2518 458 2599 Theogene,
471 2531 502 2580 et
520 2522 712 2602 supplicante,
728 2519 983 2601 partimniisertus
1002 2520 1066 2599 ejus
1084 2531 1205 2582 senatus

112 2610 346 2689 Areopagiticus,
360 2621 476 2692 propter
499 2612 606 2691 ingenii
627 2613 851 2693 simplicitatem,
869 2611 971 2692 partim
992 2612 1080 2673 etiam
1093 2614 1173 2693 quod
1187 2634 1208 2676 a

114 2702 266 2783 Stephano
289 2702 444 2783 deceptum
462 2723 527 2763 esse
550 2722 651 2763 revera
671 2714 796 2784 putaret,
811 2723 922 2765 morsm
940 2704 1123 2783 interposuit
1165 2706 1207 2766 Ut

112 2814 183 2855 uero
197 2814 214 2855 e
227 2793 291 2857 sico
307 2794 415 2856 Martio
436 2795 591 2857 descendit
607 2796 907 2876 theogenesiam
925 2806 956 2856 et
978 2796 1128 2857 mulierem
1145 2798 1207 2859 Ne·

111 2900 183 2949 'serm
207 2887 408 2949 filiamuono
427 2888 558 2970 expellit,
580 2900 611 2949 et
635 2889 817 2969 Stephanum
835 2909 855 2949 a
875 2908 934 2969 quo
954 2888 1094 2968 deceptus
1112 2890 1209 2952 luerat

115 2980 240 3043 concilio
267 2992 374 3043 moret.
421 2982 473 3057 ,Sic
501 2982 686 3063 Areopagitae
708 2982 897 3061 Theogenem
922 2981 1043 3041 missum
1063 2981 1207 3058 iecerunt,

116 3072 200 3152 eique
222 3074 308 3135 irasci
324 3074 509 3147 destiterunt,
521 3076 692 3155 veniamque
714 3074 841 3155 decepto
858 3062 1076 3137 concessimus.
1117 3074 1158 3134 Et
1173 3085 1208 3140 ut

115 3162 177 3239 boec
190 3184 209 3225 a
222 3186 268 3228 me
282 3186 351 3227 vere
364 3167 423 3227 dici
435 3178 561 3241 constet,
574 3168 678 3228 borum
690 3168 773 3228 robis
793 3176 897 3227 testam
908 3165 1005 3245 ipsum
1018 3165 1208 3247 Theogenous

117 3276 199 3335 roco,
214 3270 246 3320 et
257 3260 357 3321 testari
369 3280 484 3341 cogam.
518 3252 607 3321 'Voca
621 3260 690 3321 mibi
708 3260 895 3340 Theogenem
910 3257 1107 3349 Erebiensem.

386 3392 388 3397 ’
516 3410 819 3477 tasrrsroururr.

157 3546 297 3609 'stomaco
312 3545 445 3597 litabisusir
456 3553 554 3596 testatur
572 3562 608 3602 so,
620 3559 672 3593 eum
689 3558 768 3604 regam
785 3547 876 3605 agaret,
895 3540 994 3589 duisss
1011 3542 1144 3591 rursus·
1165 3550 1208 3605 pst

118 3619 227 3684 Stephani
239 3624 300 3671 filis:
318 3624 359 3671 sbi
377 3639 434 3671 roro
450 3639 475 3669 ss
493 3623 617 3685 deceptam
635 3636 688 3669 esso
703 3618 914 3674 snbsdssrtissst,
924 3626 972 3666 tusr
983 3617 1101 3665 mulierem
1111 3617 1210 3679 ejecisse

120 3711 146 3745 ω
156 3702 302 3764 repudiasse,
313 3710 361 3751 tum
371 3700 513 3765 Stephanum
523 3702 553 3747 sb
564 3716 656 3749 msessn
665 3699 780 3763 repulisse
791 3713 836 3746 nso
843 3711 938 3775 psam
949 3694 995 3745 sihi
1005 3696 1092 3745 diatim
1100 3696 1210 3745 undere·

159 3814 207 3873 22.
229 3816 294 3896 Age
307 3832 379 3897 cape
393 3814 464 3875 mibi
477 3814 572 3894 legem
586 3814 632 3873 bis
645 3812 684 3873 ds
694 3814 781 3873 rebns
793 3812 936 3884 latam,et
947 3809 1031 3889 lege:
1052 3820 1086 3871 ut
1098 3809 1209 3883 sciatis,

122 3918 178 3965 non
189 3906 327 3969 decuisse
338 3918 453 3969 tautum
465 3910 530 3968 eain
541 3906 688 3967 abstinere
703 3904 793 3967 enoris
806 3904 863 3978 bis,
872 3923 942 3983 quas
948 3903 1015 3963 talis
1026 3911 1114 3974 esset,
1124 3900 1210 3963 tolia·

122 4014 176 4075 que
197 4010 353 4081 patrasset,
368 4022 421 4062 nec
435 3999 483 4061 rel
495 3998 604 4073 ridere,
623 3998 668 4059 rel
691 3998 851 4072 immolare,
870 3996 919 4057 rel
937 3994 1033 4055 iacere
1051 3994 1208 4076 quiequam

124 4104 172 4165 pro
183 4093 279 4171 patrio
291 4094 371 4153 urbis
385 4093 453 4167 ritu,
467 4092 521 4155 sed
540 4091 646 4153 ceteris
667 4092 756 4151 etiam
773 4090 863 4151 saeris
874 4089 1056 4150 Athenarum
1076 4087 1209 4149 ommbus

124 4178 230 4247 alasse
249 4185 446 4247 interdictum.
487 4186 564 4245 Cum
587 4202 646 4265 qua
667 4184 744 4245 enirn
766 4182 886 4243 muliere
905 4179 1105 4260 deprehensus
1124 4180 1212 4242 luerit

125 4270 244 4353 neuter,
257 4280 284 4339 ei
299 4279 329 4340 in
343 4278 456 4340 nullum
469 4278 609 4361 templum
624 4278 765 4357 populare
779 4276 849 4336 licet
862 4273 985 4355 ingredi,
1003 4293 1071 4335 oum
1083 4274 1114 4335 ln
1127 4294 1165 4335 ea
1179 4284 1211 4335 et

127 4372 278 4451 peregrinis
292 4373 472 4445 mulieribus,
487 4384 518 4435 et
531 4370 784 4435 ancillisliberum
797 4366 917 4431 ‘aditum
927 4368 1103 4448 prebuerint
1114 4368 1208 4447 leges,

127 4464 184 4523 lun
198 4466 360 4551 spectandi,
367 4476 430 4529 turn
442 4464 624 4549 supplicandi
636 4464 732 4547 gram
743 4460 835 4541 (solas
844 4461 918 4525 istas
926 4461 1063 4525 muheres
1075 4461 1210 4543 ingressu
