2967 5017
250 327 309 386 tat
540 329 756 389 ADVERSUS
779 329 1046 389 LEOCHAREM.

249 499 349 542 causes
361 480 530 542 defensores
549 494 580 543 et
595 483 686 545 falsos
701 495 793 545 testes
806 485 916 544 multos
928 491 1153 564 compararunt:
1175 490 1260 562 pater
1271 501 1342 542 vero

249 572 485 634 mensa-dicetur
496 575 671 638 enim—una
683 597 751 637 cum
769 586 950 658 paupertate,
965 585 999 636 ut
1011 595 1064 636 vos
1078 593 1181 634 omnes
1193 573 1298 648 nostis,
1311 585 1344 634 et

249 663 393 744 imperitia
421 685 516 726 rerum
542 669 701 730 manifestis
725 671 898 731 testimoniis
918 679 1041 750 pugnat.
1094 668 1173 728 Nam
1197 666 1228 725 in
1249 666 1341 728 Pires-

249 775 285 817 en
297 760 476 837 praeconium
493 761 624 822 factitat:
645 762 676 822 id
689 765 774 842 ¹quod
798 783 857 824 non
879 763 968 824 modo
988 761 1166 844 paupertatis
1185 780 1344 840 argumen-

248 859 321 922 tum,
334 849 386 910 sed
400 861 431 910 et
442 853 641 933 occupationis
655 866 701 916 est
712 875 781 935 quaa
794 856 859 916 lites
873 857 977 916 sectari
989 854 1177 934 prohibebam
1199 853 1250 932 qni
1262 855 1343 914 euim

248 940 334 1001 talem
351 953 492 1022 questum
507 945 588 1019 iacit,
603 965 670 1008 euru
684 967 804 1009 necesse
817 959 864 1010 est
876 958 954 1009 totos
971 948 1033 1008 dies
1045 948 1075 1007 in
1089 947 1152 1006 foro
1164 965 1242 1006 esse.
1265 946 1343 1015 Quoe

247 1051 301 1092 sos
314 1045 483 1114 reputantes
497 1039 672 1117 cogitabitis,
687 1059 751 1112 nos,
765 1041 821 1100 nisi
835 1040 950 1115 justitia
962 1038 1028 1099 freti
1040 1057 1180 1109 essemus,
1191 1056 1343 1117 uunquam

247 1125 278 1185 iu
291 1138 479 1206 conspectum
491 1141 619 1190 restrum
633 1131 723 1192 fuisse
742 1131 919 1212 prodituros.
960 1133 1021 1193 Sed
1036 1153 1103 1212 quse
1121 1131 1209 1211 hujus
1227 1133 1342 1211 generis

248 1228 328 1290 sunt,
341 1239 498 1298 progressu
515 1223 663 1293 orationis,
678 1223 785 1285 clarius
807 1226 950 1308 audietis:
975 1227 1013 1286 de
1032 1224 1098 1306 ipsa
1118 1235 1216 1284 autem
1237 1235 1342 1285 conte-

248 1313 373 1373 statione
383 1323 414 1373 et
427 1333 526 1389 causa,
535 1337 615 1377 nunc
628 1317 741 1377 ridetur
754 1337 821 1378 esse
831 1319 1042 1380 disserendum.

290 1411 317 1467 3.
339 1407 427 1476 Quod
442 1408 476 1482 si,
495 1408 625 1484 Judices‚
641 1429 678 1468 ex
695 1411 761 1490 ipsa
779 1412 994 1472 contestatione
1013 1412 1175 1473 leochares
1197 1408 1340 1491 petiturus

248 1497 447 1560 defensionem
469 1509 557 1580 atque
577 1513 749 1563 ostensurus
763 1514 852 1578 esset,
871 1524 902 1563 se
916 1523 1087 1582 germanum
1100 1525 1165 1564 esse
1185 1503 1341 1564 Archiadte

247 1593 347 1668 filium,
357 1595 428 1654 nihil
439 1615 513 1674 opus
528 1605 606 1656 esset
624 1598 724 1657 multis
738 1597 843 1670 verbis,
858 1617 953 1678 neque
967 1598 1165 1658 necessarium
1182 1617 1238 1658 nos
1252 1617 1271 1656 a
1282 1594 1342 1676 pri-

248 1685 360 1746 mordio
383 1685 452 1746 inde
476 1697 606 1752 nostrum
630 1707 724 1766 genus
737 1707 929 1767 percenseret
950 1689 1004 1750 sed
1023 1689 1093 1769 quia
1115 1709 1147 1749 se
1165 1687 1342 1770 contestatio

247 1777 330 1836 aliter
341 1778 541 1858 habeturque
554 1779 600 1839 isti
614 1780 770 1840 maximam
784 1780 922 1841 orationis
935 1791 1048 1862 partem
1062 1782 1092 1841 in
1105 1802 1141 1842 eo
1154 1789 1340 1849 consument,

248 1887 279 1928 se
292 1870 448 1948 adoptatos
460 1890 534 1944 esse,
549 1881 580 1930 et
600 1891 667 1932 cum
683 1874 812 1952 germani
832 1874 882 1932 tilii
903 1875 971 1945 sint,
986 1875 1098 1934 ratione
1113 1873 1343 1951 propinquitatis

241 1961 309 2040 jure
329 1970 516 2042 percepturos
536 1963 744 2035 haereditatem,
766 1982 888 2023 necesse
901 1965 985 2023 nobis
998 1965 1060 2036 'est,
1073 1961 1207 2034 Judices,
1221 1973 1345 2041 propter

246 2052 300 2110 has
313 2071 416 2112 causas
429 2053 519 2132 paulo
529 2055 616 2115 altius
627 2074 720 2136 genus
732 2064 863 2115 uostrmu
876 2056 959 2114 robis
973 2073 1130 2134 exponere.
1172 2053 1238 2112 Hoc
1259 2054 1344 2116 enim

246 2147 397 2225 perspicue
410 2149 541 2226 cognito,
553 2150 648 2210 uerbis
663 2168 765 2210 eorum
784 2168 843 2208 nou
857 2146 1048 2227 decipiemini.
1089 2145 1170 2205 Nam
1186 2144 1251 2204 haec
1266 2165 1342 2207 con·

247 2239 385 2300 troremia
405 2238 580 2323 disceptatio
601 2251 648 2302 est
669 2243 706 2300 de
727 2241 914 2301 haereditate:
935 2239 1048 2300 ineam
1060 2257 1130 2299 vero
1154 2237 1267 2317 agimus
1284 2258 1340 2299 nos

247 2332 358 2393 ratium
380 2334 495 2411 generis
520 2346 550 2394 et
572 2331 799 2414 propinquitatis,
820 2332 869 2393 isti
889 2333 1000 2392 ratione
1021 2331 1196 2412 adoptionis.
1239 2331 1351 2401 Confi,

246 2436 341 2485 terum
353 2435 449 2486 autem
463 2447 561 2486 coram
574 2425 655 2486 vobis
669 2436 748 2484 ratas
762 2444 828 2484 esse
838 2436 972 2505 oportere
986 2424 1171 2506 adoptiones,
1181 2441 1249 2504 quoe
1262 2423 1339 2504 legi-

247 2518 302 2576 bus
326 2517 381 2579 rite
405 2518 492 2579 iactes
515 2517 632 2578 fuerint.
659 2519 775 2585 'Quare
795 2518 975 2593 vos,horum
998 2519 1252 2579 fundamentorum
1273 2535 1338 2576 me·

246 2626 352 2680 mores,
365 2608 389 2668 si
399 2608 581 2669 ostenderint
600 2609 681 2668 robis
694 2607 777 2688 leges
790 2628 827 2669 ea
838 2610 1004 2689 permittere
1017 2629 1084 2689 quse
1102 2609 1158 2690 ipsi
1182 2609 1339 2668 contestati

198 2707 205 2718 ‘
247 2711 326 2774 sunt,
341 2701 517 2763 decernimte
530 2701 572 2762 eis
590 2701 809 2763 hereditatem:
836 2703 881 2763 siu
894 2703 1009 2784 legibus
1025 2702 1057 2763 id
1076 2695 1195 2781 quidem
1216 2700 1339 2761 demon·

245 2801 337 2854 strare
350 2814 410 2855 non
424 2803 568 2874 poterunt,
584 2795 636 2855 sed
655 2815 741 2875 aequa
752 2805 853 2856 tamen
865 2807 896 2856 et
907 2795 1034 2856 humana
1043 2794 1140 2854 dicere
1152 2792 1339 2867 ridebuntur,

246 2886 333 2948 etiam
346 2888 388 2948 sic
396 2886 596 2949 concedimus.
639 2887 680 2947 Ut
692 2898 791 2948 autem
800 2889 900 2948 sciatis
913 2906 967 2946 nos
978 2905 1086 2964 genere
1100 2905 1166 2946 esse
1179 2885 1340 2965 proximos,

247 3001 341 3063 neque
354 3001 390 3043 eo
403 2981 457 3041 niti
477 2978 582 3053 solum,
596 2980 649 3038 sed
663 2989 694 3036 et
713 2977 827 3036 caeteris
843 2976 988 3050 omnibus,
1000 2978 1123 3056 primum
1144 2997 1193 3037 ros
1212 2977 1249 3038 de
1271 2978 1339 3058 ipso

247 3069 656 3154 generedocehimussuude
680 3066 836 3126 haereditas
861 3077 927 3127 est:
951 3069 1087 3129 existimo
1111 3067 1338 3143 enim,si7hanc

247 3185 343 3227 causae
366 3175 477 3245 partem
501 3161 611 3240 liquido
630 3155 911 3238 cognoveritis,'fore
930 3170 963 3221 ut
984 3181 1041 3222 nec
1062 3171 1234 3222 eetermum
1254 3162 1339 3242 quie·

246 3274 335 3335 quam
348 3275 399 3316 vos
417 3263 578 3334 praetereat.

212 3351 224 3380 0
271 3355 314 3430 Ι4.
335 3347 494 3428 Principio,
509 3345 639 3421 iudices,
654 3347 715 3407 nati
730 3356 800 3407 suut
813 3348 1016 3430 Euthymaeho
1030 3349 1191 3430 Otrynensi
1203 3349 1254 3410 ulti
1266 3359 1336 3424 tres,

247 3441 416 3524 hlidylides,
428 3441 607 3522 Archippus,
617 3440 787 3512 Archiades‚
803 3441 903 3502 ettiiia
915 3443 964 3504 cui
977 3462 1085 3504 nomen
1098 3441 1155 3502 tuit
1168 3442 1336 3505 Archidioe.

247 3536 380 3618 ilipatre
394 3535 542 3613 defuncto,
557 3533 731 3596 Archidicen
749 3532 900 3596 Leostrata
922 3534 1072 3610 Heusiuio
1091 3535 1247 3596 collocant.
1289 3537 1339 3598 Ex

245 3630 315 3710 ipsis
327 3649 396 3691 vero
409 3629 500 3690 tribus
514 3627 678 3709 Archippus
689 3627 798 3688 triremi
806 3628 963 3709 prefectus
971 3627 1152 3708 Methymna
1162 3627 1240 3689 diem
1253 3629 1337 3693 obiit.

246 3721 414 3806 Midytides
428 3743 488 3784 non
507 3723 599 3782 multo
621 3729 838 3802 post-tempore
856 3721 938 3781 ducit
960 3720 1199 3792 Mnesimacham,
1216 3719 1338 3803 Lysippi

247 3817 392 3880 Crioeusis
405 3817 503 3888 filiam,
518 3817 604 3897 eique
619 3815 679 3875 filia
692 3816 820 3876 nascitur
835 3815 951 3876 nomine
973 3813 1268 3893 Clitomaeha,·quam
1279 3814 1336 3874 iile

245 3910 337 3972 voluit
347 3911 428 3972 fratri
447 3930 500 3971 suo
514 3909 564 3989 qui
578 3909 765 3970 coelebserat
778 3909 857 3970 dare.
898 3909 974 3967 Cum
987 3915 1084 3972 eutem
1098 3907 1260 3967 Archiades
1278 3907 1336 3969 sibi

246 4023 304 4064 nou
319 4025 382 4066 esse
395 4005 425 4064 in
438 4002 535 4066 animo
548 4021 668 4062 uxorem
682 4003 790 4063 ducere
803 4001 924 4072 diceret,
939 3999 993 4061 sed
1012 4007 1043 4060 et
1053 3998 1258 4081 patrimonium
1268 4019 1343 4080 pro-v
1381 4051 1389 4065 .

245 4102 345 4172 pterea
356 4097 510 4172 indivisum
522 4115 586 4156 esse
599 4114 716 4176 passus,
731 4093 1005 4156 seorsimSelarnine
1025 4093 1188 4154 habitaret:
1210 4091 1253 4152 sic
1269 4093 1339 4154 tau·¹

245 4183 313 4244 dem
332 4185 492 4267 Midylides
516 4207 609 4249 suam.
622 4185 714 4248 tilium
729 4186 879 4248 Aristoteli
899 4186 1065 4246 Pallenensi
1088 4184 1259 4266 despondet,
1278 4205 1336 4246 aro

245 4295 321 4351 meo,
333 4297 350 4337 a
363 4299 422 4358 quo
433 4289 593 4343 nascuntur
605 4280 657 4364 filii
679 4291 747 4353 tres,
766 4279 971 4342 Aristodemus
988 4290 1072 4359 pater
1091 4278 1141 4339 hic
1161 4298 1255 4352 meus,
1272 4277 1342 4340 Has

243 4370 400 4432 brunichus
413 4383 545 4454 patruus,
558 4373 825 4454 etntidyttdesssqni
843 4393 922 4456 punc
931 4372 1016 4433 obiit.

254 4493 259 4506 ·
284 4466 315 4526 5.
337 4465 380 4526 Ac
394 4467 509 4548 generis
528 4467 655 4545 quidem.
664 4467 756 4536 nestri
768 4466 1096 4552 propinquitas-iusque
1109 4471 1156 4526 est
1168 4464 1336 4537 haereditas,
