2967 5017
357 324 418 386 nn
437 278 710 389 nassonem
731 316 990 381 insanorum:
1061 271 1068 289 ’
1185 317 1229 378 sa

121 493 194 578 quid
213 497 294 558 ineo
310 481 438 578 dicabit.
473 494 590 574 laquo
610 499 711 570 aperta
737 487 880 574 scripturn
900 497 967 546 est:
992 501 1059 543 cum
1081 479 1226 543 deliberet

120 591 250 672 populns
263 588 455 650 Atheniensis
469 585 506 647 de
519 605 593 665 pace
608 580 784 661 Philippica,
800 577 890 656 legati
906 590 1002 638 autem
1017 575 1150 637 nondum
1170 574 1224 634 ad·

120 685 192 754 sint,
212 701 287 762 quos
309 681 454 760 ablegarit
472 678 599 758 populus
621 675 650 734 in
670 673 829 743 Graeciam,
847 671 896 752 qui
915 672 1003 730 urbes
1026 667 1226 728 adtuendam

124 776 298 840 Graecorum
312 775 478 834 libertatem
494 770 701 830 exhortentur:
723 765 816 824 visum
832 783 899 824 esse
914 764 1013 833 sociis,
1025 759 1074 820 ubi
1088 759 1227 820 redierint

122 867 224 946 legati,
238 878 269 926 et
281 875 350 926 acts
361 884 416 924 sua
429 861 624 922 renunciarint
638 856 880 930 Atheniensibus,
898 872 1057 932 eorumque
1078 852 1176 924 sociis,
1193 861 1228 910 ut

112 959 259 1019 curiones
273 958 347 1018 duas
360 956 518 1016 conciones
538 950 701 1013 secundum
719 948 802 1026 leges
823 946 965 1018 indicant,
983 956 1069 1024 atque
1090 945 1121 1004 in
1138 943 1174 1004 iis
1188 943 1226 1004 de

123 1070 199 1132 pace
218 1049 381 1110 deliberent
390 1047 601 1108 Athenienses.
623 1041 772 1117 Quicquid
788 1052 885 1098 autem
904 1038 1029 1118 populus
1047 1037 1226 1096 decreverit:
1255 1031 1257 1036 ’

124 1143 231 1203 idiote
246 1161 400 1203 commune
412 1140 559 1200 sociorum
572 1137 733 1198 decretum.
762 1132 868 1216 Recita
880 1149 952 1210 ergo
965 1129 1115 1192 decretum
1128 1147 1226 1216 asses·

125 1254 237 1296 sorum.

409 1353 641 1419 DECRETUM
664 1351 948 1451 ASSESSDRUM.

126 1471 240 1553 Chaler
253 1509 322 1551 curn
337 1489 396 1550 boc
410 1487 500 1549 ctiam
515 1485 725 1547 Demosthenis
738 1484 901 1556 decretum,
915 1481 1068 1564 quojuhet
1081 1479 1228 1556 curiones,

125 1592 197 1664 post
209 1585 322 1641 urbana
336 1581 543 1652 Bacchanalia,
557 1591 588 1640 et
600 1579 771 1639 concionem
793 1577 822 1634 in
837 1573 947 1634 Bacchi
961 1573 1025 1634 aede
1044 1571 1145 1632 haberi
1160 1573 1229 1633 soli-

128 1686 202 1745 tam,
211 1671 339 1731 indicere
350 1671 424 1752 duas
434 1669 734 1742 conciones,alteram
749 1665 797 1726 die
810 1685 927 1732 xvrrr..
943 1663 1062 1723 alteram
1078 1682 1166 1735 xix„
1177 1663 1230 1724 dc-

128 1764 233 1826 liniens
248 1775 375 1842 ternpus,
388 1770 418 1820 et
432 1763 588 1821 concinnet
601 1759 782 1838 praeripiens,
797 1768 865 1816 ante
880 1756 1040 1834 legatorum
1055 1756 1091 1815 ad
1108 1755 1231 1818 Groecos

129 1855 286 1916 missorum
301 1852 438 1913 reditum.
460 1854 504 1912 Ac
517 1852 664 1912 sociorum
678 1849 796 1928 quidem
811 1845 960 1907 decretum
971 1847 1067 1936 jubet,
1083 1847 1163 1926 quod
1182 1867 1230 1935 me

130 1967 250 2028 quoque
264 1945 432 2006 defendisse
445 1944 550 2016 fateor,
561 1961 612 2003 vos
625 1941 663 2007 de
677 1961 751 2021 pace
763 1941 906 2000 duntaxat
919 1938 1094 2000 deliberare:
1117 1937 1230 2018 Demq-
1284 2013 1293 2020 ,
1404 1938 1408 1945 “

132 2039 253 2100 sthenes
266 2046 375 2111 autem,
388 2037 477 2097 etiarn
490 2035 529 2094 de
542 2033 682 2094 societate
691 2029 789 2112 jubet.
811 2031 914 2093 Recita
928 2031 1087 2093 decretum.

394 2205 632 2284 nscnarnm
651 2176 965 2266 nnmosrnnms.

133 2337 294 2398 Decretum
320 2349 474 2418 utrumque
502 2337 666 2410 audivistis,
695 2336 907 2408 Athenienses,
934 2334 1012 2396 unde
1039 2333 1233 2408 convincitur,

133 2429 365 2501 Demosthenem
383 2431 538 2500 affirmare,
560 2430 724 2510 teredones
742 2448 795 2489 eas
814 2449 882 2508 quae
902 2429 1069 2502 abluerunt,
1092 2427 1232 2488 affuisse:

132 2532 163 2578 et
173 2540 239 2579 cum
248 2540 305 2580 ‚ros
320 2519 419 2580 audire
430 2521 554 2591 velletis,
568 2521 678 2580 irritum
687 2520 793 2580 fecisse
807 2520 958 2580 decretum
972 2521 1126 2581 sociorum.
1153 2519 1232 2580 Nam

104 2611 109 2620 ’
131 2611 177 2672 illi
199 2609 320 2689 quidem
339 2612 589 2690 pronunciarent:
613 2611 807 2672 Graecanicas.
826 2613 988 2692 legationes
1009 2633 1075 2672 esse
1096 2614 1160 2673 urbi
1180 2631 1234 2672 ex·

133 2703 331 2782 spectandas:
353 2701 568 2762 Demosthenes
586 2712 684 2763 autem
702 2722 763 2762 non
784 2705 878 2762 verbis
896 2714 1011 2762 tanturn
1033 2704 1154 2774 obstitit,
1173 2723 1232 2780 quo

133 2795 233 2856 minus
245 2804 493 2874 exspectarentur,
505 2795 556 2874 qui
566 2794 641 2855 illud
651 2796 779 2856 omnium
795 2795 960 2876 turpissime
973 2815 1007 2855 ao
1021 2795 1169 2854 celerrime
1178 2795 1234 2852 irn-

133 2887 271 2956 mutavit,
280 2886 334 2946 sed
347 2906 379 2945 re
391 2885 455 2965 ipsa
464 2897 495 2945 et
507 2885 637 2957 decreto,
649 2887 757 2966 quippe
770 2881 819 2966 qui
832 2887 930 2948 statim
947 2886 1097 2946 deliberari
1103 2887 1235 2966 jusserit.

177 2979 231 3039 23.
251 2976 463 3047 Disit'autent,
479 2997 527 3037 me
547 2979 642 3056 priore
654 2978 807 3049 concione,
828 2999 895 3038 cum
918 2981 1006 3040 rerba
1025 2971 1145 3038 lecisset
1166 2972 1235 3038 Pht:

101 3116 104 3120 Α
133 3071 351 3146 locratss,post
361 3087 428 3128 curn
442 3079 586 3148 suggestu
604 3089 767 3130 conscenso
781 3069 1004 3149 reprehendisse
1016 3088 1130 3150 pacem,
1148 3072 1234 3148 cujus

136 3173 241 3222 auctor
254 3161 303 3223 ille
316 3160 423 3220 fuerit:
447 3181 571 3240 eamque
590 3173 705 3241 turpem
728 3174 759 3222 et
773 3164 890 3222 civitate
906 3161 1056 3242 indignam
1067 3163 1234 3240 judicasse:

136 3254 281 3335 postridie
299 3263 397 3312 autem
415 3252 608 3332 suffragatum
630 3253 798 3327 Philocrati,
817 3263 848 3314 et
868 3254 1038 3314 concionem
1062 3257 1169 3331 magno
1183 3275 1236 3336 ap·

139 3347 245 3426 plausu
258 3347 289 3404 in
302 3343 478 3404 sententiam
494 3363 588 3405 ineam
601 3344 795 3423 perduxisse:
821 3365 888 3404 cum
910 3344 1063 3404 suaderem
1083 3347 1178 3416 robis,
1197 3365 1236 3406 ne

105 3501 109 3508 ,
138 3437 343 3499 auscultaretis
356 3437 402 3507 iis,
416 3437 464 3515 qui
478 3437 581 3515 praelia
592 3446 623 3497 et
634 3437 796 3516 triumphos
811 3439 950 3513 majorum
968 3449 1237 3511 commemorarent,

136 3551 213 3594 nese
226 3530 338 3589 Groecis
348 3529 570 3589 auxiliaremini.
595 3529 629 3588 ld
644 3549 715 3588 reso
724 3530 834 3589 crimen
847 3550 906 3590 non
917 3539 1030 3590 tantum
1041 3547 1108 3589 esse
1118 3529 1236 3601 falsum,

140 3620 193 3684 sed
206 3623 294 3682 etiam
308 3623 369 3681 ficri
381 3623 425 3680 sie
433 3639 492 3680 aon
503 3621 646 3700 potuisse,
658 3622 782 3699 primum
794 3623 884 3701 ipsius
897 3621 1117 3692 Demosthenis,
1130 3621 1237 3681 deinde

139 3715 272 3776 omniurn
286 3713 522 3781 Atheniensium,
534 3714 622 3773 tertio
631 3713 707 3786 loeo,
717 3724 826 3784 restro,
838 3713 862 3772 si
877 3713 1104 3787 admoneamini,
1113 3715 1238 3794 deniquo

139 3806 200 3866 riri
207 3823 323 3882 magnis
336 3805 364 3862 in
379 3804 530 3882 republica
548 3804 745 3875 auctoritatis,
763 3805 943 3883 Amyntoris,
958 3805 1005 3866 cui
1023 3805 1238 3866 Demosthenes

141 3897 294 3958 decretum
308 3896 448 3968 ostendit,
460 3915 606 3975 quemque
616 3896 775 3969 consuluit,
785 3907 881 3955 utrum
890 3896 920 3955 id
934 3897 1148 3958 daret-scriba:
1169 3916 1238 3958 curn

141 3990 262 4070 quidem
274 4007 336 4048 non
350 3987 537 4060 contrarium,
550 3988 604 4048 sad
617 3987 694 4046 idern
707 3987 788 4066 quod
802 3987 986 4048 Philocrates
1007 3989 1182 4069 scripsisset,
1196 4001 1240 4050 tc*

142 4085 293 4160 alimonio,
306 4072 394 4162 atque
405 4083 497 4163 ipsius
510 4082 666 4143 calumniis
678 4081 863 4143 absurditate
876 4084 1056 4144 ostendetur.
1085 4084 1167 4164 Cape
1177 4085 1240 4145 De·

142 4176 308 4238 mosthenis
321 4175 484 4247 decretum,
496 4184 528 4234 et
543 4175 654 4234 recits:
680 4177 709 4232 in
730 4189 870 4253 quocum
891 4177 987 4254 priore
1009 4177 1150 4236 concione
1171 4179 1242 4238 seri·

141 4269 237 4349 psisse
250 4278 378 4337 conant,
393 4267 481 4328 licere
494 4267 585 4327 cuiris
599 4269 629 4325 in
642 4266 772 4325 medium
786 4266 949 4338 consulere,
966 4269 1126 4344 posteriore
1140 4270 1241 4348 praesi-

140 4360 229 4420 dibus
243 4347 438 4420 recensendas
459 4379 523 4422 esse
537 4359 698 4420 sententias
712 4377 721 4416 z
742 4367 773 4416 et
786 4375 846 4416 non
860 4357 976 4418 dicendi
990 4349 1164 4438 potestatem
1176 4379 1242 4422 esse

138 4450 285 4524 dandam,
299 4461 359 4530 qno
373 4461 502 4531 tempore
515 4451 580 4531 ipss
592 4469 640 4512 me
653 4449 696 4512 ait
709 4449 867 4510 Philocrati
881 4469 947 4510 esse
966 4451 1181 4531 suffragatum·
