2967 5017
426 328 644 391 AAEVEHSUS
667 327 915 389 crumenat.
1159 328 1217 387 707
1245 331 1248 335 ’

121 498 191 541 sam
201 482 285 561 ptri
298 502 364 544 ruso
373 495 574 547 neumarum
582 496 617 546 et
629 486 880 558 commendarent.
891 504 960 545 cam
970 486 1095 563 omega
1114 482 1218 543 rediis-

122 582 177 635 sut.
210 572 314 637 Solent
323 584 422 639 ahten
432 580 692 653 omnesmensarii,
703 579 728 638 si
742 578 909 658 quis'homc
922 575 1217 656 prirahrapeean'rsm
1265 582 1269 590 '

121 665 243 747 deponit
261 672 354 747 quam
377 670 465 731 alicui
481 671 564 733 reddi
574 672 673 747 ¹jubet,
688 671 815 732 scrihere
832 671 959 749 primum
974 687 1082 728 nomen
1098 666 1217 747 deposi-

121 761 193 819 turis
217 770 248 821 et
266 762 400 841 pecunioe
423 782 583 825 summam:
604 764 712 825 deinde
736 763 913 833 adscribere,
936 760 983 822 cui
998 758 1153 821 reddenda
1170 760 1218 822 ait.

122 850 211 921 ΟΜ
234 854 260 914 si
280 854 383 916 helem
402 869 511 918 norunt
532 857 657 919 hominis
682 857 729 916 cui
749 876 785 917 ea
802 855 955 915 reddenda
971 864 1028 927 est,
1049 854 1081 913 id
1102 858 1218 913 tautanu

120 943 244 1017 iaciunt,
258 954 292 1005 ut
314 948 443 1009 scribant
465 950 513 1009 cui
536 950 575 1009 rit
594 948 760 1010 reddenda:
795 948 841 1009 siu
860 948 1007 1027 ignorant,
1019 946 1138 1025 insuper
1155 936 1219 1026 ejris

119 1038 211 1097 etiarn
228 1058 334 1101 nomen
353 1040 504 1124 adjiciunt,
518 1042 569 1122 qai
587 1042 845 1103 commendaturus
859 1050 907 1101 est
924 1050 956 1101 et
975 1050 1148 1100 csoensurua
1165 1038 1219 1099 ho·

120 1128 241 1199 minem,
253 1133 301 1191 cui
318 1135 448 1213 pecunia
456 1146 503 1195 est
516 1134 710 1195 numeranda.

163 1225 193 1281 3.
216 1224 291 1284 Cum
303 1246 374 1287 vero
386 1226 485 1306 Lycen
499 1246 535 1287 ea
546 1226 666 1287 senuna
677 1246 750 1288 usus
763 1236 851 1297 esset.
865 1226 1011 1287 utstatim
1022 1234 1092 1305 post
1109 1224 1218 1284 abitum

121 1313 200 1375 eirca
211 1314 307 1375 simum
320 1317 490 1396 Argolicum
512 1328 543 1379 et
562 1338 674 1379 merces
688 1320 753 1399 ejus
775 1340 796 1379 a
807 1317 937 1399 piraticis
950 1318 1075 1378 naribus
1089 1328 1221 1395 acepta

122 1408 224 1487 Argoa
241 1408 417 1469 veherentur
435 1420 466 1471 et
488 1410 551 1489 ipse
570 1410 679 1491 sagitta
691 1412 768 1473 ictus
781 1411 938 1482 occideret,
952 1410 1105 1489 Callippua
1118 1408 1219 1469 statim

120 1500 161 1561 ad
177 1520 309 1562 mensam
322 1502 402 1563 uenit
416 1503 547 1582 rogitans
560 1504 706 1584 Lyconem
720 1504 928 1565 Heracleoten
940 1522 979 1563 su
991 1509 1125 1563 nossent.
1157 1500 1220 1560 lte·

120 1593 288 1671 spondente
309 1593 496 1667 Phormione,
510 1614 542 1654 se
563 1614 668 1656 noue:
697 1595 830 1673 uunquid
849 1594 935 1654 vobis
958 1596 1132 1655 etiamusus
1151 1592 1221 1651 sstl

116 1684 441 1763 ita'inqditPhcrruim
461 1684 514 1745 sed
526 1705 578 1746 cur
598 1684 782 1765 interrogas?
814 1684 888 1745 curl
908 1703 977 1763 ego,
990 1684 1097 1762 inquit,
1108 1683 1162 1742 tibi
1176 1682 1220 1743 di·

116 1793 198 1836 mm.
239 1774 293 1836 llle
306 1776 392 1846 oblite
413 1796 549 1857 egerere
561 1786 732 1857 procurator
746 1796 812 1837 auur
826 1775 1070 1837 Heracleotarum
1079 1775 1219 1839 omnim

118 1867 196 1929 Peto
209 1876 309 1929 autem
322 1876 357 1927 ut
370 1868 439 1927 mihi
457 1870 596 1930 ostendas
615 1869 742 1943 tabulas,
756 1879 791 1928 ut
808 1869 911 1940 sciam,
934 1868 1068 1948 nunquid
1085 1886 1220 1928 nummo·

118 1980 184 2023 rum
197 1960 368 2039 reliquerit:
387 1980 509 2023 neeesse
522 1964 601 2023 enim
614 1962 684 2023 mihi
697 1970 745 2022 est
762 1960 892 2021 omnium
906 1960 1150 2022 Heracleotarum
1169 1978 1221 2023 cu-

119 2072 183 2115 ram
194 2053 312 2113 hahere.
342 2053 410 2122 Quo
422 2054 533 2127 audito,
548 2054 682 2128 ludices,
697 2053 836 2115 Phormio
851 2054 1111 2134 statimevestigio
1121 2064 1221 2115 osteu-

120 2144 175 2206 dit
216 2144 345 2205 Ostensa
357 2146 469 2218 tabula,
484 2146 564 2207 solus
580 2148 643 2225 ipse
662 2166 726 2209 earu
748 2146 822 2227 legit
840 2157 872 2206 et
890 2152 979 2207 neruo
995 2146 1081 2218 alius,
1095 2164 1221 2227 cumque

121 2238 244 2299 uidisset
268 2238 298 2297 iu
321 2258 357 2299 ea
382 2240 523 2320 seriphum
558 2240 690 2321 Lycou
722 2240 972 2300 Heracleote
990 2230 1219 2301 munnere.

124 2332 388 2411 Gephisiadse
411 2332 1220 2413 reddendas--Archehiadeshumpreu

123 2425 180 2484 sis
204 2423 405 2485 ostendet
428 2424 722 2503 Cephisiadem
742 2426 1222 2507 tacitusabiitetampliusquin-

123 2518 343 2598 quemeusibuu
355 2517 470 2577 uullum
483 2520 605 2579 verbum
618 2519 698 2580 fecit.
740 2521 818 2580 Cum
838 2529 936 2580 auteur
956 2520 1150 2600 Cephisiades
1167 2521 1222 2583 ad·

122 2610 251 2669 uenisset
272 2619 361 2690 atque
384 2608 574 2670 admoneam
598 2612 753 2671 accederet
775 2623 806 2673 et
827 2596 981 2692 pecurnmu
1004 2614 1176 2692 postularet,
1193 2624 1224 2674 et
1279 2619 1282 2624 “

123 2702 322 2763 Accheblades
335 2722 371 2763 ac
393 2702 533 2763 Phrceius
546 2704 693 2776 adessent,
711 2722 785 2783 quos
800 2704 898 2783 Lycon
910 2704 985 2783 patri
1001 2705 1223 2767 commendaret
1280 2716 1284 2729 '

123 2794 372 2873 acceptatorem
385 2814 452 2855 oum
463 2795 590 2855 uenisset
598 2796 674 2875 patri
685 2794 839 2856 ostendere
847 2796 989 2875 jusserat,
1002 2797 1121 2873 quinam
1135 2810 1224 2871 esset,

124 2887 319 2967 presentibus
333 2886 421 2949 etiam
440 2887 515 2959 aliis,
530 2896 735 2949 annumeratas
750 2888 777 2947 ei
796 2886 925 2947 sedecim
941 2886 1037 2948 minas
1052 2900 1084 2949 et
1095 2888 1222 2966 quadra·

124 2981 208 3060 chata
220 2980 377 3041 drachmas
391 2980 520 3041 reddidit
535 2980 681 3041 Phormio.
723 2980 797 3040 Hoec
815 2997 884 3039 vere
901 3000 922 3039 a
938 2998 985 3040 rue
1007 2979 1066 3041 dici
1080 2992 1116 3040 ut
1131 2983 1222 3061 appu-

123 3083 197 3147 rsat,
210 3074 314 3133 herum
326 3076 422 3135 rerum
435 3074 564 3134 omniurn
578 3073 744 3133 testimonia
757 3072 841 3133 uobis
853 3072 1000 3153 legentur.

548 3240 816 3301 TESTIMONIA.

158 3364 197 3418 ··l.
219 3356 271 3418 hle
284 3375 351 3418 vere
364 3357 464 3417 omnia
477 3357 585 3418 dixisse
600 3358 679 3437 apud
693 3374 758 3429 aas,
777 3356 912 3428 ludices,
925 3371 944 3416 e
957 3355 1131 3418 madmouiis
1142 3360 1226 3420 eutli-

125 3450 217 3511 uistis.
260 3450 446 3529 Congressus
459 3458 557 3510 autem
570 3450 660 3530 longo
669 3460 801 3529 tempore
809 3460 878 3529 post
891 3459 1057 3529 compatre
1069 3466 1137 3511 meo
1154 3452 1224 3511 Cal·

126 3543 224 3624 lippus
238 3542 269 3602 in
282 3544 365 3616 urbe,
378 3552 473 3622 rog-at,
484 3554 556 3601 nuru
566 3543 627 3623 J'am
643 3540 813 3603 advenisset
826 3542 1018 3622 Cephisiades
1029 3542 1076 3620 cui
1085 3542 1225 3623 iuscripta

126 3647 209 3698 esset
229 3638 358 3717 pecunia
378 3634 530 3696 reddenda
550 3654 569 3695 a
589 3636 712 3716 Lycone
735 3634 914 3695 Heracleote
934 3630 1059 3695 relicta?
1089 3635 1225 3714 Respon-

126 3728 218 3790 dsate
234 3740 328 3809 petre,
341 3728 453 3809 opinari
467 3746 510 3800 se,
528 3727 579 3787 sed
600 3728 624 3787 si
645 3727 674 3786 in
690 3724 834 3786 Piraeeum
852 3726 1033 3788 descendere
1046 3726 1146 3797 vellet,
1161 3744 1225 3787 cer·

126 3832 193 3883 tum
202 3822 353 3881 sciturum.
396 3822 482 3882 Nosti
495 3821 594 3901 igitur,
606 3820 712 3900 iuquit,
728 3816 827 3897 Pasio,
845 3819 917 3900 quid
930 3828 960 3879 te
976 3838 1077 3898 rogem
1085 3818 1226 3896 l-atqhe

126 3916 169 3977 ite
181 3932 230 3976 me
245 3914 287 3975 dli
303 3914 429 3993 deasque
447 3930 548 3975 omnes
561 3923 671 3985 ament,
685 3931 745 3972 nou
760 3913 886 3973 mentiar
898 3914 1055 3992 quicquam
1069 3910 1148 3990 apud
1160 3927 1225 3985 ros,

127 4007 262 4081 ludices,
277 4007 342 4078 ssd,
351 4024 418 4085 quae
432 4024 450 4067 a
463 4018 545 4086 patre
560 4006 667 4079 audiri,
681 4007 806 4065 narrabo
818 4004 1036 4065 vebia-Licet
1049 4001 1103 4062 tibi
1115 4020 1181 4063 ease
1194 4004 1224 4064 iu

127 4120 175 4161 me
187 4100 344 4171 beneflcio,
360 4101 421 4159 sine
434 4098 495 4160 ullo
509 4110 561 4161 tuo
581 4098 775 4159 detrimento:
796 4117 861 4158 sum
875 4105 1047 4177 procurator
1068 4094 1226 4159 Heracleo·

15 4212 19 4259 t
130 4203 244 4253 tarum:
267 4190 353 4253 malis
368 4201 475 4263 autern,
489 4203 524 4250 ut
541 4193 643 4272 opinor
661 4210 727 4270 ego,
742 4210 790 4250 me
808 4190 939 4269 accipere
951 4188 1117 4269 pecuniam,
1138 4210 1225 4271 quam

129 4284 306 4365 inquilinum
319 4284 467 4345 hominem
481 4284 564 4365 Scyri
576 4285 757 4345 habitantem
771 4294 801 4343 et
812 4282 903 4341 nihili.
946 4282 1018 4343 Tale
1032 4293 1130 4343 autern
1143 4284 1226 4364 quid·

129 4377 199 4438 mm
212 4376 330 4437 accidit.
362 4376 463 4458 Lycen
477 4385 508 4435 et
520 4372 610 4437 orbus
624 4386 670 4437 est
683 4384 714 4435 et
726 4373 840 4434 nullum
853 4372 1001 4433 heredem
1012 4374 1091 4435 domi
1100 4373 1225 4454 reliquit,
1288 4430 1297 4447 ,

129 4480 164 4530 ut
176 4484 234 4549 ομ
248 4468 354 4530 audio:
375 4477 526 4549 premes,
543 4478 575 4527 ut
587 4468 683 4548 Argos
697 4459 854 4547 perductus
873 4475 919 4526 eat
928 4465 1110 4540 vulneretur,
1123 4476 1228 4547 protu-
