2967 5017
246 307 306 370 6⁵6
463 305 510 368 IN
531 297 737 368 EVERGUM
757 305 811 368 ET
830 300 1120 367 exsulantum.

245 459 394 541 telligutir,
403 481 492 542 quam
507 463 607 524 multis
620 473 651 524 et
662 479 718 543 ego
731 463 787 522 sim
799 460 924 524 effeetus
934 460 1055 542 injuriis,
1068 466 1101 518 et
1110 463 1145 516 ut
1152 453 1269 536 judiees
1280 453 1338 515 de-

244 555 323 635 cepti
335 555 454 630 fuerint,
467 567 497 616 et
510 568 544 617 ut
556 556 605 617 isti
617 556 693 618 salse
706 553 852 616 testificati
866 555 935 616 sint.

283 649 314 708 2.
336 645 401 708 Etsi
422 659 521 709 autern
534 648 659 710 maxime
675 647 781 708 vellem
794 667 854 707 uon
871 645 978 708 faoessi
989 642 1060 705 mibi
1073 640 1237 723 negotium:
1258 651 1336 702 attu-

244 740 350 800 mensi
363 740 410 800 eui
424 741 522 820 quieto
536 759 602 802 esse
615 761 673 800 non
687 739 767 810 licet,
776 739 847 799 iilud
856 739 1021 819 jucundum
1032 747 1087 809 est,
1097 754 1164 796 oum
1177 735 1212 795 iis
1220 734 1337 816 litigare

246 831 296 912 qui
308 831 390 892 vobis
404 831 496 912 ignoti
509 853 569 893 nou
582 841 662 894 sunt.
703 832 793 892 Nunc
807 831 920 912 longior
933 851 952 892 a
964 851 1012 891 me
1023 840 1152 890 sumetur
1165 828 1258 888 oratio
1272 847 1338 890 mo·

231 923 326 984 'ribus
348 942 447 986 eorum
472 924 677 1004 ostendendis,
697 944 786 1005 quam
813 923 973 984 testimonii
994 922 1123 984 falsitate
1147 920 1336 982 revineenda.

246 1015 324 1076 Nem
336 1014 367 1075 id
380 1015 497 1095 quidem
515 1035 581 1077 esse
601 1017 718 1090 tarsum,
737 1016 793 1096 ipsi
814 1015 885 1076 mihi
904 1013 1060 1076 ostendere
1079 1013 1223 1085 ridentur,
1238 1031 1337 1093 neque

245 1127 302 1190 ego
316 1125 437 1168 neeesse
450 1107 547 1168 habeo
561 1117 651 1168 testes
665 1109 750 1183 elios,
763 1127 852 1188 quem
863 1107 928 1168 illos
940 1107 1031 1188 ipsos,
1044 1105 1215 1187 producere.
1256 1103 1337 1164 Nam

245 1219 306 1280 qua
315 1201 357 1260 eis
370 1199 481 1259 ratione
499 1197 599 1259 liceret
610 1197 725 1260 liberari
740 1199 863 1281 negotiis
876 1219 933 1260 ueo
949 1198 980 1259 iu
993 1209 1089 1259 vestro
1097 1197 1210 1278 judicio
1220 1195 1337 1277 pericli·

244 1291 309 1368 tari,
327 1300 359 1352 et
380 1291 477 1371 reipsa
500 1289 659 1352 testimonii
681 1291 832 1380 veritatem
854 1292 1035 1365 confirmare,
1053 1289 1199 1350 mulierem
1217 1287 1337 1349 trudere

245 1383 409 1456 noluerunt,
422 1402 513 1462 quam
530 1383 560 1444 in
583 1384 778 1463 questionem
790 1384 860 1444 dure
873 1385 1000 1446 voluisse
1014 1383 1233 1464 Theopbemum
1253 1380 1337 1461 apud

244 1476 384 1538 arbitrum
397 1472 598 1555 Pythodornm
618 1476 784 1540 Cedensem
802 1476 951 1536 testificati
970 1485 1049 1548 sunt,
1062 1485 1094 1534 et
1107 1493 1195 1554 quam
1209 1493 1266 1552 ego
1286 1491 1336 1532 me

243 1577 426 1649 recepturum
441 1586 506 1628 sum
519 1566 678 1649 professus,
688 1580 722 1630 ut
732 1579 824 1630 testes
836 1570 960 1650 quitum
970 1567 1080 1629 affuere
1091 1568 1174 1628 robis
1184 1563 1335 1645 injudicio

244 1661 393 1724 testificati
405 1671 482 1738 sunt,
503 1673 534 1723 et
553 1664 739 1725 nuncetiam
759 1664 1011 1724 testificabuntur:
1032 1682 1107 1742 quos
1127 1659 1335 1741 Theopbemus

242 1758 316 1836 ipse,
325 1766 360 1817 ut
371 1776 441 1818 sere
449 1755 635 1834 testificatos,
648 1777 744 1838 neque
755 1757 914 1832 accusavit,
925 1775 1019 1837 neque
1027 1755 1095 1818 falsi
1103 1754 1259 1816 testimonii
1270 1771 1335 1815 reos

244 1852 315 1930 agit.
1287 1897 1292 1906 .

287 1947 318 2004 3.
340 1945 439 2024 Atque
452 1944 528 2004 sdeo
546 1943 601 2022 ipsi
622 1942 683 2004 sere
704 1945 735 2003 in
754 1943 922 2004 testimonio
941 1942 1129 2010 confitentur,
1143 1937 1271 1998 soluisse
1285 1955 1336 1999 me

242 2035 394 2098 admittere
407 2035 566 2106 mulierem,
580 2033 798 2114 Theopbemum
813 2043 911 2094 autem
924 2031 1038 2093 differre
1042 2031 1176 2111 jussisse,
1188 2028 1278 2108 idque
1287 2046 1338 2090 me

244 2129 434 2188 detractasse.
476 2126 572 2194 Quam
585 2143 654 2186 vero
674 2135 705 2184 et
723 2144 781 2203 ego
804 2123 960 2184 admittere
978 2122 1068 2196 volui,
1085 2130 1117 2181 et
1129 2119 1337 2200 'lbeopbemus

245 2216 423 2280 obtulit-ut
445 2215 492 2276 isti
513 2215 645 2288 aiunt-,
663 2214 749 2296 eujus
773 2223 872 2275 tamen
891 2233 997 2294 corpus
1017 2231 1103 2272 nemo
1129 2211 1232 2272 edesse
1252 2211 1339 2284 sidit,

246 2327 342 2390 neque
360 2319 431 2370 tuno
454 2306 533 2387 apud
547 2305 696 2378 arbitrum,
710 2326 804 2385 neque
824 2305 981 2384 injudicio
999 2313 1077 2385 post,
1090 2321 1184 2383 neque
1202 2302 1271 2362 stibi
1284 2321 1340 2363 us·

244 2420 333 2484 quam
346 2399 494 2470 traditum,
510 2417 574 2458 eam
589 2395 735 2458 testificati
749 2398 797 2457 isti
811 2410 892 2471 sunt,
905 2398 1020 2459 tradere
1041 2396 1169 2458 voluisse
1181 2394 1338 2475 'lbeopbe-

244 2511 324 2554 mum
336 2501 368 2552 et
377 2489 536 2551 obtulisse:
557 2490 575 2550 J
578 2488 679 2550 udices
693 2498 792 2550 autem
804 2491 915 2571 opinati
929 2499 1008 2564 suut,
1019 2509 1118 2551 rerum
1130 2508 1194 2549 esse
1207 2487 1239 2547 id
1251 2487 1338 2548 testi-

246 2583 375 2646 monium
389 2601 398 2652 ς
417 2599 464 2640 me
477 2600 547 2641 vero
568 2599 706 2640 recusare
724 2601 784 2661 quo
797 2581 893 2642 minus
906 2601 923 2641 e
936 2582 1056 2642 muliere
1073 2581 1283 2661 perquireretur
1296 2578 1336 2638 de

244 2675 458 2752 verberatione,
472 2683 537 2734 uter
556 2685 688 2734 nostrum
705 2675 786 2753 prior
798 2674 997 2755 perinjurium
1008 2674 1092 2735 elteri
1104 2692 1209 2734 manus
1222 2671 1337 2732 attulis-

246 2777 301 2828 set.
335 2765 402 2826 Hoc
410 2763 487 2826 enim
499 2764 554 2825 sibi
563 2764 627 2825 rult
636 2765 845 2827 verberationis
854 2767 986 2826 verbum.
1013 2765 1156 2845 Nunquid
1168 2783 1240 2843 ergo
1253 2763 1338 2824 aliter

246 2857 308 2918 fieri
320 2866 419 2937 potest
430 2854 500 2936 quin
512 2855 589 2916 sulse
608 2855 657 2917 isti
678 2857 824 2919 testificati
841 2857 910 2931 sint,
923 2858 973 2936 qui
994 2877 1031 2917 ne
1051 2875 1132 2916 nune
1151 2856 1269 2935 quidem
1281 2873 1336 2914 su·

246 2948 316 3011 dent
339 2967 444 3030 corpus
471 2948 598 3009 mulieris
626 2948 813 3009 tradere-id
838 2948 919 3027 quod
943 2948 1087 3008 obtulisse
1113 2944 1337 3026 Theophemnru

246 3040 392 3115 dixerunt,
410 3042 493 3120 eique
507 3039 655 3100 testificati
675 3050 795 3111 sunt-,
807 3049 839 3098 et
849 3038 1005 3101 testimonii
1017 3039 1166 3100 veritetem
1181 3038 1245 3120 ipso
1258 3035 1337 3122 iaetu

247 3135 427 3208 confirmare,
441 3143 471 3191 et
486 3139 577 3191 testes
597 3130 731 3190 molestia
743 3131 930 3210 periculoque
951 3131 1084 3205 liberare,
1101 3130 1208 3191 tradito
1220 3129 1338 3191 ancillas

246 3243 377 3302 corpore,
391 3231 425 3281 ut
446 3223 612 3300 exquiratur
630 3239 649 3279 a
669 3221 788 3281 muliere
803 3221 841 3282 de
856 3225 1065 3297 verberatione,
1078 3242 1137 3302 quo
1150 3242 1207 3302 ego
1223 3221 1338 3303 judicio

247 3313 468 3394 Theopbernum
482 3331 651 3392 persequor,
665 3315 801 3392 quoniam
815 3334 880 3376 eam
898 3325 960 3376 tum
980 3335 1039 3375 non
1051 3314 1192 3389 exhibuit,
1205 3325 1237 3376 et
1248 3333 1338 3394 argu-

248 3416 380 3468 mentum
393 3405 487 3479 exiis,
501 3406 607 3484 quibua
622 3415 684 3467 tum
705 3405 913 3488 Theophemus
927 3407 1060 3469 dicendis
1075 3407 1192 3489 decepit
1204 3407 1337 3482 Jutiees,

249 3496 402 3560 sumatur?

288 3593 318 3652 4.
335 3590 444 3650 Aiebat
462 3589 539 3651 enim
558 3592 588 3650 in
610 3609 702 3652 eausa
714 3594 934 3667 verberationis,
956 3603 1047 3654 testes
1070 3593 1121 3672 qui
1141 3591 1286 3654 affusmnt
1306 3603 1339 3654 et

246 3684 430 3745 testabantur
440 3701 476 3743 ea
489 3702 555 3763 quse
568 3684 645 3744 fecta
657 3683 773 3744 fuerant
785 3685 816 3744 in
830 3687 933 3747 tabula
945 3707 983 3747 ex
995 3687 1072 3766 lege,
1085 3685 1176 3746 falsos
1190 3703 1258 3746 esse
1275 3695 1306 3745 et
1317 3703 1339 3745 a

246 3795 294 3838 me
315 3779 504 3838 subornatos:
525 3777 675 3836 mulierem
695 3796 764 3837 vero
785 3799 851 3857 que
866 3778 998 3841 affuisset
1016 3797 1086 3840 sera
1107 3778 1262 3852 dicturam,
1276 3795 1338 3838 non

246 3871 356 3932 tabella
366 3871 562 3944 testificando,
574 3873 627 3933 sed
637 3872 803 3933 firmissimo
816 3874 991 3945 testimonio,
1002 3873 1162 3946 tormentis,
1176 3881 1242 3934 uter
1262 3873 1340 3951 prior

245 3965 444 4045 perinjurium
462 3983 567 4026 manus
581 3963 664 4024 alteri
677 3963 834 4026 intulisset.
875 3966 990 4035 Quibus
1000 3984 1068 4026 vero
1080 3974 1145 4026 tum
1157 3966 1252 4025 verbis
1263 3966 1338 4025 abu·

246 4055 337 4114 modo
357 4064 390 4116 et
411 4066 501 4118 testes
524 4055 723 4138 producendo,
736 4045 858 4118 Judioss
877 4057 1004 4137 decepit,
1016 4076 1052 4118 ea
1073 4076 1152 4118 nune
1174 4057 1251 4118 falsa
1271 4075 1339 4118 esse

245 4145 510 4224 deprehenduntur.
551 4149 666 4228 Corpus
692 4148 770 4209 enim
793 4150 921 4210 mulieris
945 4149 1058 4211 tradere
1078 4170 1139 4211 non
1160 4150 1261 4224 audet,
1282 4150 1338 4211 sed

246 4237 359 4298 mavult
370 4239 488 4302 fratrem
500 4253 531 4302 et
544 4243 660 4302 affinem
670 4241 737 4302 fulsi
754 4241 911 4303 testimonii
919 4240 1034 4321 judicio
1046 4243 1216 4317 conflictari,
1225 4242 1338 4303 mavult

245 4329 375 4403 eosdem,
387 4332 469 4392 vobis
481 4333 687 4395 commentitiis
702 4333 796 4394 verbis
810 4343 842 4394 et
852 4334 1106 4414 deprecationibus
1119 4335 1145 4396 si
1156 4336 1274 4414 possint
1284 4335 1337 4395 de·

245 4422 347 4505 septis,
361 4423 483 4499 absolvi,
496 4443 582 4504 quam
603 4425 723 4488 muliere
737 4425 856 4501 tradita,
873 4425 916 4489 ita
927 4435 961 4491 ut
972 4445 1089 4508 sequum
1102 4436 1159 4500 est,
1168 4427 1249 4488 omni
1260 4428 1338 4507 peri·
