2967 5017
280 310 339 366 740
558 308 726 373 CONTRA
749 303 1106 375 Dionrsonosu'nt.

279 464 337 541 pha
355 462 552 527 continentur.'
593 470 750 529 Nemeum
767 469 824 548 ipsi
836 467 954 548 duplarn
971 468 1026 529 sibi
1038 468 1179 528 mulctam
1195 463 1369 535 dixerint,‘si

279 556 348 633 quid
364 558 391 617 iu
405 560 570 641 syngrapha
583 562 773 641 perscriptum
794 560 938 633 violarint,
951 559 1078 639 iniquum
1092 558 1183 620 inerit
1201 578 1256 619 vos
1278 558 1308 617 in
1320 562 1377 619 eos'

279 668 344 711 esse
354 650 488 723 leniores,
501 654 661 732 praesertim
675 655 757 715 vobis
771 674 831 713 non
844 653 951 713 leviore
964 672 1049 732 quam
1063 652 1149 712 nobis
1164 651 1246 710 sacta
1258 649 1378 727 injuria·

323 747 369 805 14.
389 748 463 826 lura
476 748 563 827 igitur
575 770 672 811 causae
685 749 784 811 brevia
797 759 866 807 sunt
879 759 910 807 et
922 748 1007 807 facile
1017 746 1158 806 memoria
1171 752 1370 823 queuntcom·

279 836 429 914 prehendi.
473 842 672 903 blutusaimus
698 841 901 920 Dionysodoro
923 852 953 899 et
966 839 1045 899 socio
1060 844 1122 913 ejus
1133 841 1193 897 'ter
1213 835 1294 895 mille
1306 834 1379 893 dra··

280 926 392 999 chmas,
420 931 598 993 Athenis
626 934 663 993 in
688 932 905 1011 AEgyptum
928 941 966 989 et
986 950 1026 989 ex
1052 930 1227 1007 AEgypto
1256 925 1372 985 Athe·

200 1022 203 1029 “
280 1038 361 1078 nas.
403 1022 471 1081 Non
484 1024 645 1103 recepimus
659 1043 755 1102 neque
769 1035 875 1082 sortem
895 1040 988 1100 neque
1006 1019 1193 1090 usuras‚sed
1214 1019 1258 1078 illi
1276 1026 1371 1077 nostra

281 1122 381 1170 tenent
396 1112 487 1191 iisque
497 1126 618 1175 utuntur
629 1115 750 1176 alterum
761 1115 824 1193 jam
833 1132 951 1171 annum.
979 1112 1046 1169 Non
1057 1111 1262 1189 perduxerunt
1275 1130 1370 1169 navem

281 1200 310 1259 in
326 1216 452 1263 vestrum
467 1220 635 1280 mercatum,
651 1208 780 1267 nondum
804 1226 841 1265 ue
862 1224 939 1265 nunc
954 1204 1082 1283 quidem,
1096 1223 1196 1282 aeque
1218 1204 1370 1264 nobiscnm

281 1296 435 1357 manifesto
456 1298 665 1360 exhibuerunt:
685 1320 750 1359 cum
766 1297 931 1378 syngrapha
947 1299 1059 1373 jubeat,
1078 1296 1132 1355 nisi
1151 1297 1311 1356 manifesto
1324 1316 1371 1354 na·

282 1406 345 1445 vem
370 1390 562 1463 exhibuerint,
576 1392 693 1471 duplam
717 1392 829 1453 solvere
852 1390 1018 1469 pecuniam,
1033 1408 1158 1466 eamque
1182 1390 1231 1449 vel
1255 1388 1372 1467 singulis

282 1482 367 1541 uobis
378 1483 423 1541 vel
439 1484 553 1563 utrique
567 1486 697 1563 redigere
712 1485 807 1543 licere.
848 1482 903 1541 llis
915 1482 1102 1541 firmamentis
1115 1482 1194 1553 ireti,
1210 1482 1248 1541 ad
1269 1501 1321 1541 vos
1333 1480 1372 1537 in·

283 1576 373 1651 gressi
389 1595 499 1645 sumus,
516 1597 551 1638 ac
565 1589 664 1639 nostra
677 1597 729 1657 per
749 1596 800 1635 vos
820 1594 992 1654 recuperare
1005 1574 1167 1647 studemus,
1186 1575 1326 1653 quoniam
1339 1573 1373 1630 ab

282 1666 345 1729 istis
367 1669 395 1729 id
416 1671 568 1750 impetrare
583 1692 641 1733 non
661 1690 828 1751 possumus.
870 1668 983 1727 Ethaec
997 1680 1097 1727 nostra
1118 1679 1164 1727 est
1178 1668 1285 1727 oratio.
1325 1663 1374 1724 Isti

284 1771 380 1822 autem
397 1782 428 1822 se
441 1765 556 1841 quidem
572 1784 636 1825 esse
650 1776 798 1824 mutuatos
819 1763 992 1823 confitentur
1010 1771 1040 1820 ot
1054 1780 1112 1820 non
1134 1760 1320 1819 reddidisse:
1341 1758 1381 1816 de·

284 1872 319 1911 eo
342 1864 439 1913 autern
461 1856 587 1935 litigant,
606 1877 665 1916 non
686 1867 820 1936 oportere
840 1875 872 1915 se
894 1855 1022 1933 pendere
1041 1873 1144 1913 usuras
1164 1852 1196 1911 in
1211 1848 1375 1933 syngrapha

284 1947 468 2025 perscriptas,
483 1950 536 2007 sed
556 1948 749 2018 Rhodienses,
767 1966 834 2024 quas
855 1965 911 2004 nec
934 1946 962 2003 in
987 1946 1153 2025 syngrapha
1167 1946 1272 2006 insunt
1294 1961 1376 2003 neca

285 2038 368 2097 nobis
383 2050 452 2099 sunt
471 2059 629 2099 concessas.
671 2038 760 2108 Quod
780 2040 816 2108 si,
836 2036 1039 2106 Athenienses,
1055 2038 1084 2095 in
1107 2037 1296 2098 Rhodiorum
1315 2036 1375 2095 toro

283 2129 471 2207 litigaremus,
481 2132 580 2192 melior
593 2118 672 2191 esset
684 2132 804 2191 istorum
818 2130 940 2189 tortasse
955 2128 1092 2200 conditio,
1102 2130 1186 2208 quod*
1197 2132 1238 2190 ad
1252 2150 1306 2191 eos
1320 2131 1375 2189 iro·

285 2224 575 2285 menturnvexissent
597 2235 627 2283 et
647 2224 684 2283 iu·
696 2242 794 2283 eorum
814 2230 973 2280 mercatum
987 2220 1184 2299 appulissent:
1208 2238 1375 2295 nunc,oum

231 2330 244 2345 ·
286 2316 324 2377 ad
339 2316 531 2377 Athenienses
544 2316 666 2396 ingressi
680 2316 771 2375 simus
783 2326 814 2373 et
827 2311 995 2391 syngrapha
1008 2322 1166 2369 mercatum
1179 2322 1314 2370 vestrum
1329 2311 1375 2369 de·

287 2409 417 2487 signarit,
430 2410 612 2487 postulamus
635 2427 671 2467 oe
690 2407 776 2467 nobie
798 2406 893 2465 minus
907 2403 1048 2463 tribuatur
1062 2423 1148 2483 quam
1163 2401 1198 2461 iis
1212 2402 1266 2482 qui
1285 2414 1318 2463 et
1330 2421 1376 2463 ros

287 2511 319 2559 et
331 2519 384 2559 nos
399 2501 508 2580 injuriis
522 2500 690 2561 affecerunt.

329 2596 377 2653 15.
399 2590 544 2654 Praeterea
564 2613 620 2653 nec
640 2594 712 2653 iliud
726 2613 777 2653 vos
798 2593 898 2663 latest,
912 2586 1115 2661 Athenienses,
1128 2591 1157 2649 in
1177 2590 1237 2651 hoc
1258 2612 1317 2652 uno
1330 2593 1377 2671 ju·

288 2686 364 2748 dicio
377 2688 414 2747 de
427 2698 490 2747 toto
503 2698 632 2749 mercatu
653 2688 748 2767 legem
770 2686 883 2746 sancire
897 2704 966 2752 vos;
986 2684 1153 2762 nutritosque
1170 2684 1310 2744 assistere
1330 2681 1374 2761 qui

288 2780 317 2837 iu
330 2779 400 2839 mari
413 2780 552 2857 negotiari
568 2780 732 2850 decrevere,
746 2798 856 2856 vosque
876 2776 979 2835 intueri
996 2776 1066 2854 quid
1081 2776 1118 2836 de
1138 2776 1195 2836 hac
1209 2794 1303 2836 eausa
1314 2792 1376 2853 pro·

289 2870 451 2933 nunciaturi
475 2872 546 2931 sitis.
598 2872 673 2933 Nam
698 2871 721 2929 si
747 2866 799 2930 uos
823 2868 1005 2949 syngraphas
1031 2879 1060 2927 et
1084 2867 1236 2945 pactiones
1264 2878 1380 2926 mutuas

288 2966 386 3028 firmas
399 2982 462 3025 esse
476 2974 610 3043 oportere
625 2964 770 3030 statuetis.
785 2980 878 3038 neque
897 2981 995 3021 earum
1017 2959 1204 3021 violatoribus
1223 2961 1376 3040 quicquam

289 3057 382 3115 venioe
395 3056 511 3127 dabitis,
525 3056 648 3115 alacrius
664 3055 714 3132 qui
731 3054 760 3110 in
778 3065 907 3112 mercatu
923 3065 1059 3113 mutuant
1077 3053 1173 3113 officio
1185 3074 1241 3113 suo
1254 3055 1375 3129 fungen-

288 3159 353 3215 tur;
373 3157 461 3226 atque
482 3166 518 3205 ex
538 3166 574 3205 ea
592 3165 622 3204 re
641 3144 794 3222 augebitur
813 3156 957 3205 mercatus
979 3139 1084 3204 veste'r.
1107 3146 1176 3204 ,stu
1196 3142 1375 3206 naviculariis

288 3237 397 3309 licebit,
410 3236 575 3315 conscripta
590 3236 757 3316 syngrapha
770 3237 806 3296 de
821 3237 986 3315 navigando
1000 3238 1140 3307 Athenas,
1156 3238 1266 3298 deinde
1275 3252 1374 3297 narem

289 3329 319 3387 in
343 3328 414 3387 aiios
442 3338 587 3387 mercatus
611 3328 766 3408 appellere,
794 3328 872 3405 qnod
895 3340 1008 3408 ruptam
1030 3349 1095 3389 esse
1126 3330 1236 3402 dicent,
1257 3344 1288 3389 et
1305 3326 1374 3387 tales

289 3440 395 3481 causas
415 3418 670 3485 comminiscentur
692 3420 828 3498 qualibus
853 3420 1072 3500 Dionysodorus
1099 3423 1198 3492 utitur,
1225 3434 1256 3483 et
1277 3434 1374 3479 usuras

290 3511 420 3571 dividere
434 3530 485 3590 pro
498 3530 534 3571 eo
548 3532 635 3572 cursu
659 3532 745 3592 quem
761 3532 792 3571 ae
810 3512 965 3591 navigasse
979 3512 1088 3584 dicent,
1104 3534 1163 3572 non
1179 3534 1234 3593 pro
1258 3526 1375 3593 syngra-

290 3602 360 3685 pha,
373 3603 444 3663 nihil
456 3604 584 3665 obstabit
597 3625 656 3683 quo
674 3604 769 3664 minus
781 3625 882 3664 omnes
896 3619 1061 3665 contractus
1075 3607 1263 3685 dissipentur.
1305 3599 1374 3671 Qui⁸

291 3696 367 3759 enirn
386 3716 471 3757 suum
495 3697 619 3777 abjicere
632 3697 721 3768 volet,
735 3698 759 3757 si
775 3697 877 3756 viderit
896 3700 1079 3778 syngraphas
1100 3718 1165 3759 esse
1187 3701 1292 3769 irritas,
1305 3694 1374 3755 tales

291 3800 388 3851 sutem
403 3791 546 3857 orationes
560 3799 589 3848 et
602 3808 705 3851 causas
719 3789 886 3867 injuriarum
899 3790 1047 3849 hominum
1058 3792 1187 3869 aequitati
1201 3783 1373 3871 prevaleret

291 3884 377 3943 Absit
392 3881 603 3955 hoc,Judices.
645 3882 681 3940 ld
703 3882 778 3941 enim
800 3901 894 3959 neque
916 3883 1092 3943 multitudini
1106 3897 1210 3944 vestrae
1233 3876 1373 3943 conducit.

290 3992 383 4052 neque
407 3973 443 4034 iis
466 3974 514 4052 qui
531 3985 672 4052 quaestum
697 3975 791 4033 facere
813 3974 1006 4046 instituerunt,
1020 3977 1127 4055 quique
1150 3977 1293 4039 utilissimi
1310 3980 1373 4033 suut

287 4074 352 4123 tum
363 4066 494 4125 universe
509 4066 590 4125 vobis
604 4066 750 4139 omnibus,
762 4078 824 4126 tum
838 4068 955 4127 seorsim
967 4070 1086 4129 cuilibet
1096 4070 1251 4149 quieorum
1264 4075 1376 4150 operam'

290 4156 426 4234 requirit:
450 4170 625 4239 quapropter
639 4178 739 4219 eorum
753 4159 834 4219 vobis
847 4161 984 4221 habenda
997 4163 1068 4221 ratio
1081 4178 1135 4224 est.

333 4250 381 4306 16.
403 4252 447 4315 Ac
461 4252 644 4330 egoquidem
659 4270 724 4331 quse
739 4253 830 4331 potui,
845 4251 921 4311 disi:
943 4267 1010 4331 peto
1026 4267 1121 4316 autem
1138 4270 1172 4318 ut
1183 4272 1213 4320 et
1223 4259 1375 4320 amicorum

291 4339 394 4417 aliquis
407 4342 475 4402 mihi
491 4346 696 4422 patrocinetur.
733 4345 902 4417 Adscende,
914 4346 1140 4411 Demosthenes.
