2967 5017
263 315 303 380 26
455 305 459 312 ⁸
577 318 753 381 CONTRA
772 315 1045 416 ateramum.

262 473 368 535 iecisse
381 471 495 544 dicunt,
504 491 607 534 eorum
618 474 756 553 quedam
766 491 905 554 agnosco,
916 471 1050 553 quasdem
1063 469 1192 540 iterasse,
1203 477 1237 528 ut
1244 469 1282 530 ab
1292 467 1364 530 istie

261 573 399 644 corrupte
411 565 606 645 proferuntur,
618 584 679 625 non
692 566 835 626 concedo.
863 565 1000 625 Amorem
1020 581 1105 642 porro
1124 563 1314 623 honestorum
1327 571 1363 621 et
1468 602 1469 640 ι

262 656 473 730 modestorum,
493 657 613 716 bomani
626 655 750 717 affectus
770 667 801 717 et
821 657 948 717 liberalis
968 655 1056 716 animi
1076 673 1141 714 esse
1161 663 1282 714 statuo:
1305 653 1361 714 sed
1468 653 1469 689 l

262 749 389 828 pecnnia
398 749 560 810 redimendi
574 749 698 828 aliquem
713 751 915 830 petulantiam,
925 749 978 808 siri
993 747 1086 828 injurii
1096 755 1127 806 et
1139 745 1236 805 insciti
1249 764 1363 805 munus
1468 817 1469 820 Ἴ

262 859 327 900 esse
341 841 474 900 arbitror.
495 842 594 921 Atque
606 843 694 903 etiam
711 843 786 902 citra
801 841 995 921 corruptelam
1010 840 1110 910 amari,
1124 838 1279 898 honestum
1294 858 1362 898 esse
1468 903 1469 930 ,

263 932 395 993 affirmo:
417 933 472 1012 sed
488 935 623 997 mercede
642 933 802 994 adductum
821 953 853 994 se
875 932 1058 1014 prostituere,
1077 941 1172 1010 turpe.
1207 929 1361 997 Quantum
1468 947 1469 1000 j

263 1033 362 1084 autem
385 1025 462 1085 inter
478 1027 583 1086 horum
596 1037 755 1108 utrumqne
772 1027 896 1097 intersit,
919 1035 1089 1104 quantoque
1107 1043 1195 1103 opere
1215 1021 1361 1098 differant,

262 1124 332 1195 post
343 1136 397 1176 ros
405 1117 530 1178 edocere
544 1122 683 1179 conabor.
705 1119 809 1179 Patres
821 1120 898 1179 euim
911 1118 1011 1190 vestri,
1025 1135 1093 1176 cum
1107 1115 1144 1174 de
1153 1116 1221 1174 vitae
1234 1117 1359 1183 ratione,

152 1249 158 1259 .
261 1205 357 1285 iisque
373 1219 435 1268 tum
449 1209 534 1270 malis
547 1211 628 1290 leges
640 1212 760 1286 ferrent,
772 1230 840 1290 qnae
853 1222 966 1272 naturae
980 1209 1095 1279 afferret
1109 1208 1280 1282 necessitas,
1295 1223 1357 1268 tum

261 1297 347 1359 bouis
368 1321 436 1381 quse
458 1301 604 1381 ingenuos
624 1303 761 1364 affectare
781 1304 908 1375 deceret,
925 1303 989 1363 baec
1010 1301 1101 1362 servis
1125 1300 1359 1361 interdixerunt:

262 1410 415 1464 servus,
438 1393 533 1473 inquit
555 1394 614 1465 lex,
636 1413 706 1454 non
729 1406 949 1455 exerceatur
970 1413 1038 1453 neo
1062 1393 1214 1472 pulvere
1237 1412 1359 1473 espar-

262 1495 369 1564 gatur
392 1484 713 1564 palestria'Naque
727 1485 1079 1564 verosdscripsitetiam:
1099 1484 1246 1564 ingennus
1260 1496 1358 1546 autern
1468 1487 1469 1504 ¹

153 1599 156 1609 ¹
261 1587 389 1657 ungatur
400 1589 432 1636 et
444 1587 629 1638 exerceatur.¹
659 1578 735 1636 Nam
749 1578 800 1637 ubi
820 1578 1030 1656 legumlatores
1049 1587 1203 1656 perspecta
1215 1577 1359 1638 exercita·

209 1702 213 1710 ·
259 1671 374 1730 tionum
382 1671 549 1742 honestate,
563 1672 601 1730 ab
614 1689 714 1730 earum
725 1689 784 1730 usu
799 1689 899 1730 servos
913 1669 1094 1748 repulerunt,
1106 1668 1209 1728 eadem
1222 1669 1289 1748 lege
1302 1689 1359 1749 pn-

260 1772 370 1834 taruut,
378 1781 438 1841 qua
447 1759 513 1821 illos
521 1763 916 1841 prohibereotseingenuos
927 1761 1119 1822 exhortariad
1129 1761 1360 1823 exercitationes.
1468 1823 1469 1826 ,

261 1853 376 1914 Rursus
390 1853 466 1912 idem
481 1854 632 1932 legislator
644 1854 746 1925 edixit,
770 1873 816 1930 ne
840 1861 967 1914 sersus
989 1853 1186 1932 ingenuum
1209 1873 1358 1934 puerum
1385 1912 1389 1922 ,
1468 1921 1469 1930 ¹

260 1946 318 2006 rel
336 1955 433 2005 amet
448 1946 509 2004 vel
527 1954 753 2014 assectetur‚
769 1955 831 2005 aut
848 1945 995 2025 publico
1013 1944 1161 2024 fiagello
1176 1945 1214 2005 L.
1232 1946 1358 2024 plagis

260 2036 447 2099 afficiatur.
475 2037 610 2114 Ingenuo
624 2046 724 2096 autem
736 2055 796 2096 non
810 2037 971 2110 interdixit,
986 2059 1023 2098 ne
1036 2038 1084 2098 rel
1097 2048 1219 2110 amaret,
1234 2039 1283 2097 vel
1296 2040 1358 2100 col·
1468 2047 1469 2062 ¹

259 2131 438 2207 loqueretur,
450 2127 497 2187 vel
509 2137 723 2188 mseotaretur:
747 2144 841 2206 neque
855 2129 886 2187 id
899 2147 991 2208 puero
1004 2129 1232 2202 incommodare,
1246 2133 1300 2192 sed
1313 2133 1358 2192 io·

259 2220 404 2300 tegritstis
417 2219 617 2280 testimonium
631 2219 783 2299 perhibere
802 2220 926 2299 putavit.
961 2218 1040 2280 Nam
1053 2239 1120 2280 oum
1134 2220 1212 2280 idem
1225 2222 1358 2284 nondum

215 2344 219 2349 ·
260 2317 299 2376 sit
311 2335 348 2375 eo
355 2314 470 2395 judicio
490 2313 643 2392 preditus,
657 2322 692 2370 ιιι
710 2320 812 2373 rerum
826 2322 987 2372 amatorem
1010 2332 1029 2372 a
1048 2312 1124 2372 salso
1136 2315 1358 2392 possitdisoer·

231 2447 234 2451 -
259 2427 340 2477 nere,
363 2408 461 2484 ipsum
475 2415 634 2464 amatorem
647 2404 785 2482 castigat,
808 2415 840 2464 et
861 2397 995 2465 amicitie
1019 2404 1259 2484 dijudicationem
1277 2399 1356 2470 artati

259 2497 440 2580 prudentiori
457 2506 488 2555 et
504 2495 628 2575 graviori
641 2505 787 2556 asservat:
807 2496 1033 2556 assectationem
1050 2507 1181 2576 porroet
1200 2498 1357 2578 inspectio-

161 2596 168 2608 “
258 2609 338 2662 nem,
347 2588 501 2648 modestice
510 2586 675 2648 custodiam
687 2589 919 2650 essemaximam
930 2588 1117 2649 existimarit.
1140 2589 1265 2650 Proinde
1279 2593 1357 2654 rinos

258 2674 298 2743 de
306 2680 457 2762 republica
468 2680 544 2740 bene
563 2681 694 2751 meritos,
709 2690 740 2740 et
757 2680 871 2741 virtute'
881 2681 1149 2760 praestantissimos
1164 2679 1358 2746 Harmodium

257 2785 347 2855 atqua
361 2774 600 2878 Aristogitonem,
614 2773 766 2834 modestus
780 2773 830 2834 ille
844 2793 879 2832 ao
890 2773 1047 2852 legitimus,
1058 2774 1210 2833 sivsamor
1219 2795 1355 2839 arvernos

258 2877 306 2930 est
318 2866 525 2946 appellandus,
536 2867 581 2925 sio
596 2865 712 2937 erudiit,
725 2876 760 2925 ut
778 2867 830 2944 qui
847 2885 949 2926 eorum
969 2866 1048 2926 iacta
1068 2865 1231 2942 celebrant,
1251 2869 1357 2976 laudes

257 2979 351 3020 rerum
367 2959 472 3018 abillis
485 2969 635 3036 gestarmn
648 2979 708 3020 non
722 2979 838 3038 assequi
829 2959 1015 3020 rideantur.

298 3054 350 3111 29.
371 3051 501 3120 Quando
510 3062 608 3111 autem
620 3051 745 3110 Acbrllrs
753 3060 782 3110 et
795 3052 923 3112 Patrocli
932 3052 1103 3114 memrurstrs
1106 3063 1212 3132 atque
1224 3055 1356 3132 Homen
1468 3079 1469 3096 ι

256 3147 439 3223 aliorumque
455 3155 623 3221 poetarum,
640 3142 725 3219 quasi
740 3142 859 3219 judices
872 3145 961 3203 nullis
982 3145 1143 3224 disciplinis
1163 3147 1223 3206 sint
1239 3149 1355 3226 eruditi,

255 3256 310 3296 ros
324 3244 423 3294 autem
438 3233 611 3311 gravimm
627 3231 776 3330 quandam
790 3233 944 3306 affectatis,
958 3245 990 3295 et
1006 3238 1116 3316 populo
1128 3240 1267 3318 majorem
1286 3261 1354 3306 ern-

256 3327 419 3386 ditionem.
440 3322 870 3405 utridestisnosquoqnejam
880 3307 1353 3406 aliquidaudirissaaodidicisse‚

255 3417 338 3477 bisce
352 3416 390 3476 de
403 3416 490 3475 rebus
503 3423 535 3475 et
552 3415 608 3494 ipsi
628 3416 740 3496 aliquid
761 3418 949 3478 disseremus.
983 3419 1150 3499 Postquam
1160 3422 1237 3480 euim
1253 3425 1353 3484 erudi-

254 3519 350 3570 tomm
365 3507 514 3568 bominum
527 3507 626 3567 lacere
639 3509 827 3583 mentionem,
838 3521 868 3570 et
881 3509 920 3571 ad
934 3512 1083 3591 expositas
1095 3533 1180 3574 versu
1192 3517 1353 3578 sententias

254 3603 413 3681 coningere
425 3599 714 3674 instituunt,'ridete,
728 3603 934 3682 Athenienses,
956 3605 1049 3683 poetis
1062 3606 1192 3666 omnium
1206 3626 1352 3669 consensu

254 3693 463 3775 prestantibus
476 3694 611 3753 ethonis
624 3694 826 3769 consideratis,
842 3706 983 3776 quantum
992 3695 1141 3758 'iuteresse
1159 3699 1354 3762 existimarint

172 3781 176 3786 ⁸
197 3819 202 3827 ·
252 3791 330 3848 iuter
342 3785 503 3857 modestos,
517 3805 552 3845 ao
570 3785 614 3845 sui
628 3786 764 3846 similium
780 3799 924 3861 amantes,
940 3797 972 3847 et
988 3787 1063 3848 iuter
1081 3789 1282 3867 immodestos,
1301 3795 1352 3872 qui

254 3898 291 3940 ea
304 3877 472 3936 desiderant
483 3896 550 3954 quae
564 3897 625 3937 non
638 3878 733 3951 decet,
749 3898 784 3938 ec
798 3880 1034 3940 contumeliosos.
1055 3879 1185 3940 Primum
1200 3893 1298 3943 sutem
1314 3885 1352 3945 de

254 3971 385 4030 Homero
398 3968 507 4041 dicam,
525 3989 612 4047 quem
631 3971 661 4029 in
676 3970 883 4050 antiquissimis
901 3983 932 4033 et
944 3973 1165 4052 sapientissimis
1186 3977 1281 4053 poetis
1295 3997 1351 4036 uu-

255 4081 413 4122 meramus.
448 4061 508 4126 Qui
531 4079 599 4120 cum
618 4064 725 4123 multis¹
737 4065 812 4124 locis
833 4065 962 4126 Patrocli
982 4075 1013 4124 et
1032 4065 1155 4126 Achillis
1178 4070 1352 4143 meminerit,

254 4173 382 4214 amorem
398 4162 430 4212 et
447 4165 677 4232 cognomentum
699 4157 836 4216 amicitiae
856 4157 970 4217 illorum
991 4158 1168 4233 dissimulat,
1188 4179 1256 4220 curu
1279 4163 1351 4224 insi·

253 4261 341 4326 gnem
361 4244 444 4303 illam
463 4245 699 4320 benevolentiam
725 4249 846 4309 eruditis
869 4248 1049 4310 auditoribus
1073 4270 1139 4310 esse
1160 4253 1352 4332 conspicuam

91 4346 93 4352 '
171 4359 179 4365 ·
250 4334 404 4397 existimat.
441 4336 580 4401 Quodam
593 4339 670 4398 en'im
689 4339 756 4399 loco
770 4339 900 4399 Achilles
917 4338 1046 4402 Patrocli
1061 4361 1164 4404 necem
1183 4343 1349 4424 deplorans,

250 4437 285 4491 ut
301 4445 365 4487 reru
378 4443 479 4486 urum
500 4448 596 4489 rorum
614 4436 685 4511 quss'
701 4431 757 4491 sibi
779 4429 939 4494 acciderint
959 4433 1090 4500 omnium
1107 4434 1348 4506 acerbissimam:
