2967 5017
169 378 172 388 .
244 321 305 382 mo
513 319 735 404 ravanam
756 318 1090 413 aerumnarum..

241 472 342 552 ptioae
362 471 543 546 sustulerim,
561 483 592 536 et
609 471 715 536 reuniri
727 472 872 534 actionem
895 491 956 534 non
975 473 1047 534 deut
1065 488 1166 534 mrum
1180 471 1337 534 criminum

241 583 362 643 quonum
383 583 430 626 me
453 565 1022 640 machinamentorum,
1034 585 1091 626 nec
1112 565 1144 624 iu
1163 565 1338 645 mnepdme

240 655 326 715 ineat.
369 655 403 713 ld
418 675 486 716 vero
499 657 658 736 quomodo,
674 677 723 717 voe
737 657 938 718 concideram:
962 677 1028 718 mea
1040 657 1128 729 enim,
1147 655 1219 715 dum
1238 656 1336 734 legem

240 747 319 806 hano
339 746 467 826 proferre
483 767 613 827 porum,
628 768 688 810 nun
707 750 865 829 quiequam
882 749 1012 810 interest.
1053 749 1158 826 Neque
1169 747 1248 831 euim
1261 747 1337 806 noti-

241 855 338 916 onem·
353 837 431 915 requi
451 847 481 898 et
493 840 561 899 boni
575 846 661 918 utque
681 839 902 920 intelligentiam
921 841 952 898 in
965 829 1070 900 restria
1089 838 1191 899 animia
1215 838 1337 898 infixam

242 928 380 988 revellere
393 929 509 1008 poterit.

282 1023 312 1078 7.
334 1020 416 1098 Cape
433 1033 465 1080 et
478 1021 653 1082 metallicam
672 1023 791 1101 legem:
821 1041 891 1084 nam
903 1023 951 1084 vel
970 1043 1008 1082 ex
1025 1040 1063 1082 aa
1083 1040 1131 1082 me
1152 1031 1338 1080 anemurum

242 1107 344 1190 opinor
357 1128 416 1169 nou
431 1110 558 1170 dandam
573 1131 637 1172 eme
649 1112 676 1172 ei
697 1112 851 1188 actionem,
864 1123 896 1174 et
908 1113 1031 1192 gratiam
1044 1111 1115 1172 mihi
1127 1110 1228 1172 haberi
1239 1109 1340 1190 potina

242 1218 329 1280 quam
342 1199 403 1260 fieri
418 1201 594 1264 calumniam
607 1213 751 1282 oportere.
793 1205 909 1266 Recita.

747 1417 835 1477 LEX.

245 1557 320 1618 Hoec
347 1558 397 1619 lex
423 1557 574 1640 perepicuo
599 1557 711 1628 definit,
732 1556 839 1636 quibua
864 1556 895 1616 iu
918 1557 1005 1616 rebus
1028 1555 1183 1616 metallice
1209 1558 1340 1616 actiones

244 1649 351 1712 dundee
380 1650 447 1710 rint.
498 1650 626 1711 Proinde
649 1650 709 1726 lex,
737 1649 773 1710 ai
798 1649 889 1728 quia
921 1649 1095 1729 aliquem
1128 1649 1344 1730 expulerit

245 1752 405 1820 quaestu
431 1751 470 1802 et
495 1761 593 1822 opus
619 1741 753 1802 facere
779 1740 1050 1820 prohibuerit,
1071 1760 1139 1804 earn
1159 1742 1230 1802 facit
1248 1743 1343 1810 ohno-

244 1831 346 1892 xium:
368 1852 424 1910 ego
439 1853 507 1893 vero
522 1833 610 1893 istum
631 1834 707 1894 adeo
731 1854 789 1893 nou
808 1833 921 1911 expuli,
939 1843 974 1892 ut
988 1833 1096 1912 quibua
1114 1834 1151 1892 ab
1172 1834 1229 1892 alio
1244 1833 1343 1914 priva-

229 1924 339 2004 ¹batur,
353 1943 391 1983 aa
403 1925 577 1984 restitnerim
591 1943 684 2000 eaque
697 1924 877 1993 tradiderim,
891 1934 923 1981 et
935 1922 1069 1981 venditor
1084 1923 1147 1996 ejus
1160 1932 1264 1996 rogatu
1285 1923 1344 1981 aim

244 2015 349 2074 sactae.
376 2015 443 2082 Nae,
456 2014 567 2090 inquit:
590 2012 642 2071 sed
657 2013 682 2070 ei
694 2013 760 2088 quie
774 2012 858 2070 aliter
871 2012 959 2070 etiarn
980 2013 1010 2069 in
1023 2008 1149 2069 metallis
1170 2011 1264 2091 ullum
1286 2013 1347 2071 da-

244 2123 343 2162 mnum
362 2102 486 2173 dederit,
499 2121 597 2161 earum
611 2120 726 2179 quoque
746 2120 842 2160 rerum
856 2101 962 2160 dantur
980 2101 1119 2161 actiones.
1161 2101 1257 2160 Recte
1267 2121 1345 2162 eane

245 2193 434 2253 Paatmnete:
463 2191 517 2252 aad
544 2211 581 2252 ea
605 2192 787 2271 quaerenti
819 2192 973 2272 Siquis
999 2191 1279 2264 succenderit,
1307 2194 1345 2253 ai

243 2303 350 2344 arma
378 2283 581 2354 intulerit,
602 2283 636 2344 ei
661 2283 770 2343 iutra
794 2284 945 2348 limite·
971 2283 1150 2344 secuerit
1177 2282 1344 2358 alienor,

243 2377 308 2438 hae
321 2388 389 2436 aunt
401 2388 519 2448 cetera,
535 2395 661 2454 quorum
678 2376 782 2454 utique
791 2376 864 2435 nihil
876 2396 952 2436 ame
963 2376 994 2434 in
1009 2395 1061 2435 voa
1075 2385 1121 2435 eet
1129 2376 1318 2435 cummanum
1331 2395 1344 2435 ε

192 2457 194 2465 ¹
244 2470 300 2529 uiri
323 2469 398 2528 forte
420 2479 674 2548 reposcentem,
695 2467 992 2546 quaelibereliterin
1014 2478 1045 2527 te
1061 2467 1257 2538 contulerant,
1271 2485 1342 2526 eum

245 2559 333 2618 armis
346 2559 443 2618 venire
453 2571 551 2637 putas.
592 2559 681 2628 Quod
695 2561 719 2619 ai
733 2558 775 2617 ita
788 2569 885 2636 putee,
900 2560 930 2617 in
943 2577 1045 2618 omnes
1061 2558 1111 2635 qui
1126 2577 1183 2617 oua
1192 2557 1246 2617 tibi
1259 2577 1342 2617 cum-

222 2650 367 2710 ·modant
385 2649 516 2710 actiones
540 2650 592 2708 tibi
614 2659 700 2708 erunt
722 2648 896 2709 metallica:
918 2647 1118 2726 sediniquum
1136 2648 1234 2708 idest.
1275 2649 1342 2728 Age

243 2759 321 2811 vero,
336 2740 466 2819 quiaquia
490 2740 620 2800 fodinam
638 2738 829 2818 erepublica
848 2741 959 2811 emerit,
981 2756 1050 2798 num
1071 2739 1193 2817 publicio
1215 2740 1342 2800 civitatis

245 2831 371 2912 legibue,
386 2833 493 2912 quibua
507 2842 539 2892 et
552 2831 681 2892 dandum
696 2831 841 2911 judicium
862 2841 906 2891 eat
924 2841 957 2890 et
973 2829 1177 2909 accipiendum
1195 2831 1341 2904 omnium,

245 2925 411 3006 preteritis,
423 2925 538 2986 actione
551 2924 700 2985 metallice
713 2943 780 2984 reor
793 2923 881 2983 faciet
901 2922 1105 2984 adversarior?
1126 2922 1206 2991 Quid
1219 2942 1298 2993 vero,
1316 2923 1343 2984 oi

246 3019 311 3098 quie
326 3017 471 3096 abaliquo
482 3017 652 3078 mutuaturi
673 3013 1017 3084 Quid,rimaleandiatl
1037 3014 1217 3095 eiuapnlatl
1239 3015 1265 3074 ri
1273 3015 1343 3076 furti

246 3107 431 3186 criminetur}
451 3108 475 3166 ei
487 3106 653 3185 primarium
668 3105 808 3164 tribunam
827 3124 887 3164 nou
908 3104 1046 3186 recipiat?
1076 3107 1241 3185 eidemque
1259 3106 1342 3168 aliud

246 3197 415 3276 quippiam?
435 3197 505 3254 Non
517 3195 654 3271 equidem
667 3193 786 3273 apinam
806 3195 860 3254 aed
871 3195 1032 3271 metallicas
1047 3198 1175 3256 actiones
1188 3217 1253 3256 eoae
1265 3196 1342 3257 inter

247 3283 410 3348 fodinarum
424 3286 528 3356 socios,
537 3296 567 3344 et
580 3285 635 3344 hos
649 3287 697 3364 qui
711 3287 741 3346 io
756 3286 915 3346 vicinorum
931 3287 1002 3346 fines
1016 3287 1179 3366 irruperint,
1190 3288 1219 3345 in
1229 3307 1342 3346 namma

247 3378 324 3439 inter
343 3395 395 3436 eoa
413 3375 463 3454 qui
480 3375 599 3436 metallo
618 3387 755 3448 tractent,
769 3389 799 3436 et
820 3397 925 3460 eorum·
943 3377 1053 3455 aliquid
1066 3378 1146 3456 quod
1161 3379 1227 3456 lege
1247 3379 1341 3438 conti·

248 3480 334 3530 nomr
349 3467 476 3526 iaciunt:
498 3466 528 3525 in
548 3485 616 3527 eum
636 3479 733 3528 autem
756 3468 807 3546 qui
828 3467 1003 3528 Portunata
1020 3469 1175 3548 pecuaim
1193 3469 1343 3541 metuerit,

246 3559 431 3638 eandemque
444 3559 569 3638 maligne
583 3579 719 3640 mgreque
732 3561 886 3640 receperit,
903 3561 968 3640 ejur
980 3561 1021 3620 rei
1034 3561 1109 3620 adeo
1122 3578 1181 3619 nun
1195 3559 1342 3620 actionem

246 3671 314 3713 ease
335 3650 523 3717 metallicam,
537 3662 570 3712 ut
590 3653 716 3712 multum
737 3654 814 3712 absit
832 3653 1066 3731 respondendum
1085 3664 1144 3713 eat.
1183 3653 1235 3712 lle
1254 3653 1343 3732 igion
1407 3703 1415 3716 ,

248 3743 360 3804 nullum
380 3743 500 3803 omnino
519 3743 570 3803 lati
586 3743 690 3803 fecisse
709 3743 852 3823 injuriam,
866 3763 962 3822 aeque
981 3744 1046 3809 dari
1057 3743 1342 3824 Ιεςὶὺυηοῐίουω,

247 3835 313 3896 hec
327 3834 901 3915 aiqairconrideraritfacrleiuoelliget.
1108 3831 1112 3840 '

289 3929 319 3986 a.
341 3928 418 3986 Cum
438 3943 507 3986 vero
531 3925 764 3988 criminationum
784 3945 903 3987 auarum
921 3947 962 3986 ne
978 3947 1068 3987 unam
1090 3928 1209 4008 quidem
1229 3928 1343 4007 jatur

249 4021 368 4079 eausam
380 4018 481 4079 afferre
495 4017 599 4098 poerit,
614 4019 667 4078 aad
681 4029 712 4079 et
729 4019 805 4080 talea
822 4019 853 4078 in
871 4019 1089 4082 accurationem
1110 4019 1299 4099 ineoriprerit,
1312 4027 1344 4078 at

249 4107 288 4167 da
301 4109 388 4167 rebus
401 4109 554 4169 transactio
569 4123 700 4182 accuret,
714 4111 854 4189 ruperiuri
874 4129 985 4182 neure,
1002 4111 1206 4185 Athenienses,
1222 4129 1294 4172 cn
1310 4111 1343 4170 in
1366 4113 1370 4118 ’

247 4201 389 4281 judicium
402 4213 538 4263 venturus
555 4223 659 4276 essem,
673 4204 751 4263 faeta
767 4205 829 4284 jam
847 4205 995 4263 sortitione
1005 4204 1191 4280 judiciorum,
1204 4221 1343 4282 egressus

250 4292 441 4374 adductisque
455 4315 554 4357 secum
563 4291 602 4356 'iis
610 4297 660 4376 qui
670 4315 730 4356 una
737 4314 805 4355 cunr
816 4295 882 4374 ipro
892 4297 1038 4356 officinam
1049 4295 1271 4366 constituerant,
1278 4313 1342 4354 rem

251 4387 323 4448 fauit
344 4384 532 4466 periniquam.
584 4388 668 4468 legit
687 4386 756 4450 mihi
779 4387 919 4466 prolixam
943 4387 1194 4467 prouocationem
1214 4405 1343 4461 arrum,
