2967 5017
430 330 655 399 mutatus
674 328 932 395 adnuntianti.
1164 327 1231 390 tte·

140 488 413 567 mannum
432 498 463 549 ct
485 484 605 565 unisse
626 484 721 549 maa
738 484 829 547 diste
845 486 884 551 sb
904 484 1031 556 musea
1048 481 1088 545 ιιι
1108 480 1225 561 putor

138 578 279 653 hbimnt,
299 580 428 659 plerique
449 579 588 651 abierant,
608 588 641 647 et¹
661 578 766 657 reliqui
784 587 868 639 eram
893 597 953 639 non
972 575 1072 656 plnres
1089 573 1225 653 uitium:

138 672 169 735 in
192 674 299 753 quibus
321 659 671 749 omnimodisque
689 670 744 733 iste
764 670 948 733 sobornarat.
988 668 1031 731 Ut
1053 676 1152 729 autem
1172 685 1226 728 no

139 782 207 825 men
228 784 324 827 meum
342 765 464 829 citatum
476 762 538 835 lint,
552 762 689 824 exsiliens
711 763 777 832 iste,
790 763 888 825 etcum
903 762 934 821 in
953 781 1001 821 me
1023 758 1116 821 multa
1134 758 1225 823 male

139 855 220 917 dieta
234 857 421 937 congerebat,
434 868 465 918 et
477 875 582 935 magna
595 874 677 925 vocs,
692 865 725 917 ut
742 873 823 915 nnnc
836 854 934 926 etiem
947 862 1022 915 teste
1035 870 1153 919 suerum
1170 850 1227 915 cri·

138 948 330 1011 minationem
344 950 434 1022 nullo,
448 967 541 1027 neque
553 968 592 1009 ex
606 946 811 1026 municipibus,
822 966 918 1026 neque
931 966 972 1026 ea
983 945 1102 1024 reliquis
1115 946 1226 1009 mribus

137 1042 293 1119 pandente,
306 1042 476 1103 hortehatnr
499 1040 666 1121 populares,
681 1050 714 1099 nt
736 1059 784 1099 me
805 1038 1014 1118 improbarent.
1053 1036 1227 1100 Possum

133 1142 308 1212 antemnae,
317 1144 351 1193 ut
364 1133 393 1194 in
407 1130 796 1213 posterumdiemdifferret,
811 1142 929 1211 propter
936 1144 968 1191 et
981 1142 1105 1211 tempus,
1117 1130 1228 1196 stedi,

137 1226 269 1289 tudinem
288 1247 391 1299 mmm,
405 1239 436 1287 et
449 1246 549 1287 casum
563 1226 767 1304 exinproviso
780 1224 920 1295 oblatum,
935 1235 969 1285 at
980 1234 1012 1285 et
1028 1223 1084 1303 ipsi
1097 1222 1226 1294 crimine,

138 1336 228 1396 qnam
241 1321 333 1379 multa
344 1319 444 1390 vellet,
466 1318 593 1397 adjicere
605 1314 717 1389 liceret,
731 1327 762 1377 et
775 1328 875 1389 testea
888 1317 1000 1395 siquos
1013 1315 1144 1386 habent,
1158 1333 1227 1393 prp-

136 1408 256 1484 duoore,
269 1423 299 1471 et
312 1410 381 1471 mihi
394 1420 524 1491 potestas
538 1408 655 1471 maerin
668 1428 768 1471 cauam
778 1408 914 1470 dicendas
925 1407 1008 1487 apud
1018 1405 1226 1468 omnesmnaioe

137 1502 229 1583 cipes,
249 1517 280 1564 et
292 1514 434 1584 cognatos
455 1502 537 1563 meos
556 1512 647 1564 testes
668 1502 860 1581 producendi,
872 1501 1028 1581 pollicente
1050 1501 1132 1568 item,
1144 1497 1226 1575 quio-

135 1595 209 1673 quid
219 1596 261 1655 illi
275 1596 482 1667 deamvisssnt,
493 1594 523 1654 id
536 1612 583 1655 ne
597 1604 690 1655 ratum
699 1592 886 1659 habituroms
906 1591 971 1663 iste,
982 1610 1049 1669 sne
1058 1586 1226 1667 mous»

134 1684 216 1757 ham,
234 1686 404 1765 negligebat
423 1685 529 1756 omnis,
540 1684 695 1761 statimque
708 1682 856 1745 edesium
875 1681 911 1741 iis
930 1682 1022 1745 daho
1034 1679 1087 1759 qui
1104 1679 1227 1747 Μ

135 1796 173 1835 ex
188 1777 390 1857 municipibus,
406 1794 497 1855 neque
511 1774 580 1833 mihi
602 1774 780 1834 defendendi
794 1782 939 1853 potestate
958 1773 1048 1843 sacta,
1058 1771 1228 1850 aquandi

135 1878 219 1928 certa
231 1868 415 1949 inquisitione
429 1866 539 1929 habita.
581 1865 668 1925 letius
690 1877 787 1925 autem
810 1865 945 1944 gregales
963 1875 994 1923 et
1014 1865 1157 1943 conjurati
1175 1883 1227 1924 ex·

136 1960 266 2021 tilientes
280 1959 419 2039 suffragia
432 1960 574 2031 ferebant,
614 1958 734 2020 Etcum
760 1959 889 2019 tenebras
907 1968 1016 2031 essent,
1033 1958 1147 2017 illorum
1167 1958 1227 2017 sin·

136 2052 198 2130 guli
213 2053 250 2113 ah
263 2052 319 2113 isto
334 2053 417 2113 binos
431 2063 461 2113 et
473 2062 572 2111 ternos
584 2050 715 2111 calculos
729 2063 868 2131 acceptos
882 2052 912 2111 in
926 2052 1079 2112 vasculum
1092 2050 1227 2130 conjece-

134 2156 213 2205 runt.
255 2144 437 2223 Argumento
459 2154 514 2215 est,
537 2142 617 2223 quod
639 2144 690 2221 qni
711 2142 853 2221 suffragia
872 2143 974 2217 tulere,
990 2144 1089 2225 planes
1110 2143 1229 2223 angina

136 2254 195 2296 non
218 2238 352 2298 morsu
373 2236 480 2297 calculi
503 2246 601 2297 antem
623 2236 766 2296 bumasti
779 2247 850 2297 sunt
868 2236 995 2315 amplius
1017 2237 1180 2316 magiam,
1192 2245 1228 2295 nt

138 2344 191 2388 nos
205 2347 308 2391 omnes
321 2330 603 2409 obstupescerem.
644 2327 682 2387 Et
698 2326 764 2389 luno
775 2348 846 2389 vere
858 2347 877 2389 a
889 2347 938 2388 ma
949 2328 1018 2401 dim',
1038 2340 1070 2389 et
1091 2327 1227 2408 sufragia

135 2422 887 2504 mnelataessepresentibosomnibonetplores
897 2423 991 2484 fuisse
1001 2424 1228 2503 oalmlesquam

137 2514 353 2597 suffragatores,
372 2526 462 2577 testes
475 2516 558 2575 vohis
580 2516 749 2593 producam.
791 2518 831 2577 Et
847 2518 986 2597 qnoniam
1003 2518 1046 2579 sio
1065 2518 1182 2592 aeddh,
1194 2528 1228 2578 ut

135 2608 205 2668 mihi
226 2612 255 2669 ln
274 2611 320 2669 his
333 2610 493 2669 armentum
505 2608 663 2667 aliorumve
677 2607 898 2675 Atheniensium
911 2611 994 2673 testis
1006 2630 1093 2671 mmo
1105 2610 1228 2683 doerit,

136 2707 196 2763 tum
211 2710 330 2781 propter
343 2700 400 2765 diei
410 2712 540 2779 tempos,
559 2706 621 2756 tum
636 2698 716 2778 quod
730 2700 876 2760 umbram
895 2703 1078 2774 aduocatam,
1097 2704 1133 2761 iis
1145 2703 1228 2783 ipsis,

135 2791 182 2869 qui
198 2810 246 2853 me
259 2792 403 2864 leserunt,
416 2800 481 2853 uter
501 2788 644 2850 testlbasr
665 2790 770 2869 quibus
789 2810 826 2851 ee
845 2792 947 2872 soriissi
967 2812 1035 2872 qum
1050 2792 1225 2853 indoles-ire

138 2900 194 2943 aon
206 2892 358 2965 potorum-
399 2883 513 2944 Recita.
1110 2924 1114 2931 -

522 3098 834 3162 TESTIMONIUM.

142 3234 224 3303 Quod
244 3238 279 3311 si,
292 3238 422 3311 ludices,
435 3239 594 3301 Halimusii
613 3240 666 3301 illo
688 3238 735 3301 die
757 3238 897 3319 suffragia
920 3238 958 3301 de
980 3242 1112 3301 omnibus
1131 3240 1226 3303 mani·

140 3325 246 3406 cipibus
260 3330 403 3403 tulissent,
417 3342 645 3393 consentaneum
664 3329 779 3403 linisset,
792 3350 844 3391 eos
865 3350 958 3409 usque
978 3331 1008 3391 in
1028 3342 1144 3393 noctem
1164 3332 1225 3393 suf·

140 3417 226 3501 struis
236 3424 323 3496 ferre,
336 3434 374 3495 nt
383 3442 416 3487 ra
428 3424 573 3498 confecto,
586 3434 774 3502 vernumque
787 3422 938 3493 decretum
950 3424 1079 3488 exsecuti
1092 3424 1225 3497 abissum

140 3527 204 3579 ιιιιι
214 3526 315 3587 autem
328 3516 454 3597 amplius
466 3518 568 3597 uiginti
589 3516 834 3595 reliquissem
848 3516 1050 3597 municipibus,
1064 3517 1102 3577 de
1119 3518 1225 3597 quibus

140 3609 275 3679 postridie
288 3609 428 3689 suffragia
440 3609 562 3673 ferendo
575 3621 669 3680 erant,
683 3618 713 3670 et
725 3608 911 3672 nihilominus
923 3628 1045 3676 necesse
1063 3619 1142 3671 esset
1159 3628 1225 3677 mun

143 3694 252 3777 nioipes
273 3703 437 3773 convenire,
460 3702 534 3781 quid
555 3701 660 3763 luisset
682 3702 861 3769 incommodi
881 3700 1049 3773 Eubulida,
1067 3700 1226 3773 disemis

142 3784 214 3849 diem
226 3806 384 3875 posterum,
392 3806 424 3858 ct
437 3795 476 3863 de
489 3814 535 3865 me
549 3793 642 3875 primo
657 3794 845 3875 populatibus
860 3794 930 3855 dare
943 3792 1133 3899 spffragiumi
1153 3792 1227 3865 Pru,

142 3886 394 3960 parastaticas,
413 3888 492 3965 qnod
507 3884 664 3947 Eubulides
684 3906 742 3947 non
762 3886 926 3966 ignorabat,
947 3888 973 3946 si
988 3886 1057 3947 mihi
1069 3905 1167 3946 cauam
1178 3886 1224 3947 di·

142 3973 238 4037 tende
251 3988 385 4059 potestas
397 3978 489 4053 fieret,
497 3989 528 4040 et
537 3977 693 4059 populares
704 3999 806 4039 omnes
820 3988 927 4058 presto
936 3986 1046 4051 essent,
1056 3986 1087 4039 et
1093 3978 1224 4040 calculus

140 4055 216 4134 juste
228 4070 356 4143 daretur,
370 4092 440 4132 suos
456 4072 589 4151 gregales
604 4071 676 4131 nihil
690 4090 756 4133 csse
770 4072 919 4133 valituros.

180 4158 207 4217 6·
228 4162 317 4225 Unde
340 4175 437 4227 autem
459 4166 515 4233 ista
537 4164 714 4245 conspiratio
735 4164 775 4227 sit
795 4173 869 4236 orte,
883 4184 951 4228 cum
971 4165 1010 4230 de
1029 4182 1140 4249 genero
1159 4184 1229 4238 rnen

144 4240 245 4345 Quo,
257 4266 321 4317 tum
334 4254 475 4321 revoletis
488 4276 649 4337 exponam·
671 4276 750 4317 nuno
763 4268 860 4317 antem
876 4255 1071 4338 quidJuatnm
1090 4278 1156 4320 esse
1171 4277 1224 4321 ex·

143 4332 241 4413 ilbimo.
255 4358 285 4408 et
301 4348 372 4431 quid
386 4348 482 4411 lacere
505 4368 567 4431 sum
586 4360 713 4439 paratus,
723 4346 865 4410 Judicesl
894 4348 1057 4418 Ostendam
1069 4352 1163 4426 vobis,
1178 4371 1226 4416 mc

143 4442 202 4491 Νι
215 4438 420 4503 Atheniensem
442 4453 472 4504 et
494 4462 513 4502 a
530 4452 612 4527 patre
633 4452 664 4501 et
678 4461 697 4503 a
715 4452 816 4517 matre,
836 4451 867 4515 et
879 4441 967 4527 hujus
981 4443 1023 4515 rei
1038 4452 1139 4517 ostes,
1150 4461 1225 4519 quoi
