2967 5017
280 331 341 392 838
717 327 935 396 sesamam.

277 485 407 557 sirmas,
422 485 506 546 salus
527 505 595 547 mea
611 502 690 548 cura
707 489 805 565 mma,
826 509 893 551 cum
913 489 994 570 quod
1016 487 1098 550 nuta
1109 487 1194 549 robis
1214 501 1294 549 anre
1304 497 1374 548 maa
1477 519 1478 554 ;

275 579 383 660 injuria
394 579 436 640 ita
448 598 513 638 sum
525 589 678 652 tractatus,
691 591 754 641 tum
768 594 886 664 propter
897 593 1024 644 vestrm
1042 579 1121 662 apud
1131 590 1249 642 exteros
1268 581 1373 641 existi-

278 671 445 733 mationem.
487 673 592 753 Neque
615 673 691 733 erim
711 675 830 754 mens,
850 678 875 738 ai
892 693 979 738 nemo
990 674 1072 735 robis
1095 673 1126 733 in
1144 671 1372 735 memoriamm-
1477 671 1478 684 ³

276 763 354 842 digit
367 784 404 823 ea
412 775 547 843 tempora
559 780 669 844 easque
682 766 862 838 occasiones,
876 767 981 848 quibus
995 783 1052 846 ego
1064 763 1207 825 maximas
1225 763 1371 826 utilitates
1477 825 1478 860 ,

275 855 363 916 attuli
378 857 567 944 Reipublicae,
582 859 710 938 reliquos
730 858 816 919 etiam
836 859 958 920 Graecos
972 859 1105 938 ignorare
1118 867 1170 916 aut
1183 855 1289 916 oblitos
1303 869 1371 918 csse
1477 885 1478 912 3

277 967 371 1008 rerum
386 970 406 1010 a
419 969 465 1010 me
477 969 531 1030 pro
544 949 627 1010 robis
641 961 801 1029 germinam,
821 969 895 1032 quss
916 969 972 1032 ego
985 967 1065 1011 nnnc
1087 949 1202 1010 duabus
1218 947 1258 1008 de
1268 949 1369 1010 emsa

274 1041 400 1102 scatere
419 1061 522 1102 vereor
540 1042 728 1122 singulatim:
750 1053 812 1103 tum
835 1045 913 1123 quod
938 1043 1073 1102 invidiam
1094 1039 1251 1101 reformido
1264 1049 1370 1101 coum

274 1152 362 1211 quam
375 1134 406 1193 in
418 1135 540 1195 ueritate
553 1136 690 1195 omfioms
704 1136 832 1215 praesidii
846 1137 917 1196 nibil
932 1145 987 1208 est,
1007 1145 1067 1194 tum
1080 1133 1159 1212 quod
1174 1133 1265 1191 multa
1277 1139 1308 1191 et
1320 1133 1368 1192 in·
1477 1137 1478 1206 ξ

273 1227 366 1306 digna
378 1227 434 1288 illis
448 1229 533 1289 rebus
546 1239 665 1309 propter
678 1229 853 1309 reliquorum
865 1229 1036 1290 Grecorum
1047 1226 1190 1307 ignaviam
1204 1243 1279 1284 nunc
1292 1225 1368 1286 tole·

273 1339 338 1379 aare
357 1321 496 1399 cogimur.
537 1321 708 1380 Summatim
721 1343 790 1382 vero
812 1322 968 1383 illiusmodi
988 1339 1023 1380 ea
1046 1329 1125 1388 sunt,
1140 1337 1204 1398 quaa
1216 1317 1367 1397 provobis

271 1430 332 1490 ego
353 1413 479 1490 suscepi,
492 1422 526 1472 ut
546 1425 576 1472 et
599 1413 732 1474 omnibus
757 1413 890 1487 felicitas,
905 1414 1054 1490 uirtusque
1072 1421 1171 1470 vestra
1184 1409 1369 1470 admirationi

273 1514 363 1576 esset,
376 1514 474 1584 etego
483 1523 661 1565 aummomm
674 1525 694 1566 a
704 1507 787 1567 robis
801 1507 984 1586 praemiorum
996 1520 1077 1582 spem
1088 1501 1366 1582 propositambabe-
1477 1511 1478 1528 *

271 1615 347 1656 rem.
374 1598 533 1658 Curarem
546 1597 718 1658 inevitabilis
731 1599 782 1659 illa
797 1597 925 1678 quidem,
939 1593 991 1657 aad
1004 1595 1104 1674 iniqua
1112 1595 1239 1666 fortuna,
1254 1611 1314 1653 non
1327 1613 1366 1654 ex
1477 1605 1478 1654 i

271 1689 420 1768 aequitate,
436 1690 490 1750 sed
502 1709 554 1770 pro
569 1709 626 1750 sua
643 1690 773 1763 libidine,
787 1698 954 1770 susceptum
968 1707 1020 1768 pro
1034 1689 1166 1747 libertate
1181 1686 1364 1758 Graecorum,

271 1782 352 1860 quod
364 1803 418 1842 ros
433 1783 575 1861 gessistis,
598 1783 708 1842 bellum
722 1779 924 1863 dijudicasset,
938 1801 992 1842 nec
1007 1781 1118 1860 reliquo
1128 1777 1365 1858 temporemrats
1477 1773 1478 1778 ’

271 1893 342 1954 erga
356 1893 407 1934 vos
421 1875 653 1936 benevolentiam
666 1877 768 1955 abjeci,
782 1893 837 1935 nec
851 1894 916 1934 eam
935 1873 995 1933 ulla
1008 1887 1038 1932 re
1053 1871 1171 1942 mutari,
1187 1887 1245 1929 non
1260 1869 1365 1950 gratis,

270 1985 329 2025 non
352 1987 415 2046 spe,
434 1987 494 2025 non
516 1967 632 2037 divitiis,
654 1986 711 2026 non
736 1967 876 2046 potentia,
897 1985 956 2024 non
980 1963 1145 2025 securitate.
1187 1965 1364 2040 Quanquam
1477 1995 1478 2044 3

268 2057 403 2117 videbam
416 2060 512 2117 omnia
524 2059 589 2118 haee
603 2061 636 2120 iis
652 2061 830 2137 contingere,
846 2060 894 2138 qui
909 2071 1011 2118 contra
1024 2077 1075 2116 vos
1089 2056 1298 2134 rempublicam
1312 2075 1364 2133 ge-
1477 2107 1478 2138 ᾖ

268 2151 462 2209 rerevellent.
504 2153 590 2215 Quod
613 2170 681 2213 vem
704 2154 733 2211 in
760 2151 858 2210 multis
878 2162 910 2210 et
926 2149 1040 2228 magnis
1062 2148 1279 2226 rebus‚quibua
1295 2147 1363 2206 mihi
1477 2141 1478 2210 ἒ

262 2240 330 2321 jure
353 2242 470 2322 gloriari
493 2242 572 2317 licet,
596 2246 753 2304 maximum
771 2243 969 2315 existimarim,
993 2261 1052 2302 non
1074 2241 1214 2301 dubitabo
1238 2240 1364 2300 scribere
1477 2269 1478 2302 1

268 2335 307 2394 ad
319 2356 382 2406 ros,
393 2355 460 2394 cum
471 2335 623 2416 Philippus
638 2339 711 2397 inter
725 2337 837 2414 eosqui
851 2337 887 2394 ab
898 2335 975 2394 omui
988 2354 1051 2394 oevo
1065 2344 1261 2394 memorantur
1274 2333 1365 2393 soler·
1477 2327 1478 2382 l

266 2425 396 2486 tissimus
409 2426 497 2486 suerit
524 2429 561 2487 ad
583 2430 732 2488 bominum
752 2429 917 2488 voluntates
938 2427 1075 2487 comitate
1089 2439 1119 2487 et
1132 2425 1302 2486 affabilitate
1319 2426 1363 2484 sic
1477 2467 1478 2502 ,

255 2519 321 2594 ‚sibi
342 2520 559 2596 devinciendos,
579 2533 613 2582 ut
635 2524 673 2583 ad
698 2532 800 2582 nutum
823 2532 940 2601 paratos
961 2519 1094 2594 baberet,
1109 2530 1139 2580 et
1160 2519 1363 2598 largitionibus
1477 2507 1478 2570 l

265 2631 367 2672 omues
386 2631 508 2691 quorum
528 2615 627 2694 aliqua
643 2625 721 2674 esset
743 2614 773 2673 in
788 2613 898 2672 Grecis
923 2613 1042 2671 urbibus
1061 2611 1218 2671 auctoritas
1232 2629 1363 2670 corrum-

263 2707 389 2785 pendos,
404 2728 450 2768 me
468 2707 561 2766 solum
581 2708 618 2767 ab
639 2707 741 2766 horum
764 2717 869 2765 neutro
893 2725 958 2763 esse
978 2704 1106 2762 rictum:
1127 2703 1158 2761 id
1179 2702 1363 2780 quodetiam

263 2819 343 2858 nunc
356 2801 436 2858 vobis
450 2799 609 2878 gloriosum
623 2810 686 2858 est:
696 2817 858 2879 quanquam
874 2817 952 2875 saepe
966 2815 1141 2874 congressus
1154 2807 1185 2854 et
1198 2795 1364 2854 collocutus

264 2890 317 2948 sim
331 2910 398 2949 cum
412 2891 547 2970 Philippo
566 2891 601 2950 iis
615 2890 653 2949 de
666 2891 753 2949 rebus
767 2899 882 2967 propter
899 2907 971 2966 quas
991 2903 1044 2946 vos
1057 2907 1103 2946 me
1117 2886 1248 2966 legatum
1265 2890 1362 2945 mitte·

262 2983 350 3052 batis,
365 2995 394 3043 et
408 3005 547 3062 magnam
563 2984 716 3062 pecuniam
729 3001 816 3058 quam
832 2981 879 3040 ille
894 2979 1034 3040 offerebat
1045 2980 1223 3059 repudiasse,
1237 2999 1362 3058 quarum

263 3093 359 3135 rerum
370 3077 481 3135 conscii
497 3076 579 3133 inulti
593 3073 680 3132 etiam
698 3073 787 3131 hodie
800 3073 911 3131 meunt.
952 3074 1035 3140 Quos
1049 3074 1118 3151 quid
1131 3073 1172 3132 de
1185 3073 1268 3132 robis
1279 3073 1361 3152 judi-

262 3184 329 3224 care
352 3179 581 3225 consentaneum
600 3164 649 3238 ait,
673 3163 819 3241 cogitate:
841 3163 921 3242 quod
936 3167 1013 3222 enim
1033 3166 1122 3224 talem
1144 3165 1186 3226 ita
1202 3165 1362 3237 tractastis,
1477 3173 1478 3176 ’

260 3257 293 3315 id
312 3272 386 3314 mesa
407 3257 526 3334 quidem
547 3255 705 3315 calamitati
726 3256 840 3317 scilicet
862 3257 1013 3329 tribuetur,
1036 3259 1141 3318 sceleri
1162 3276 1362 3337 nequaquam,

260 3359 367 3408 vestrm
393 3360 490 3408 autem
511 3348 667 3427 iniquitati,
686 3369 775 3430 quam
794 3351 942 3411 infamiam
961 3351 1074 3410 oonailii
1097 3351 1256 3411 mutatione
1278 3353 1363 3411 dele-

260 3441 339 3501 bitis.
381 3442 448 3502 Jam
470 3461 506 3500 es
525 3462 593 3521 qnae
618 3443 678 3502 dixi
700 3445 798 3503 omnia
820 3443 932 3503 minora
950 3456 1022 3524 puto
1037 3445 1204 3504 comanente
1218 3445 1362 3523 atqaori-

261 3533 350 3595 diana
362 3535 530 3615 reipublicae
551 3534 813 3606 administratione,
831 3535 862 3594 in
884 3555 943 3614 qua
969 3535 1010 3595 ita
1029 3555 1075 3595 me
1098 3536 1187 3614 gessi,
1210 3547 1242 3594 ut
1260 3555 1363 3614 neqtoe

260 3627 311 3687 ulli
331 3628 500 3700 iracundiae,
531 3647 626 3707 neque
655 3628 862 3701 simultatibus,
888 3649 981 3708 neque
1007 3628 1117 3708 injusto
1143 3631 1281 3707 mermi,
1307 3631 1362 3690 vei

258 3721 378 3801 publico
399 3723 445 3782 vel
471 3723 594 3802 privato,
616 3723 771 3792 amicum,
793 3741 888 3801 neque
914 3723 1007 3781 ullum
1032 3741 1160 3801 uniquam
1184 3723 1232 3782 rel
1259 3723 1358 3782 cim

257 3814 305 3874 ral
332 3815 474 3896 hospitem
503 3817 558 3874 sim
587 3814 791 3887 calumniatos,
814 3835 910 3894 neque
933 3826 1038 3875 contra
1063 3835 1116 3874 vos
1145 3815 1277 3895 privatim
1308 3813 1359 3874 fa-

259 3907 371 3968 cultate
395 3925 460 3968 mea
482 3929 565 3980 usus,
585 3907 647 3978 aed,
671 3908 696 3967 si
717 3909 788 3987 quid
810 3927 884 3988 opus
905 3920 994 3980 esset,
1014 3907 1129 3987 publice
1147 3927 1201 3988 pro
1218 3907 1303 3968 vobis
1324 3909 1358 3968 in

255 4001 408 4078 procinctu
434 4002 575 4062 steterim.
614 4001 705 4069 Quod
729 4019 795 4061 cum
818 4013 890 4061 natu
916 4001 1085 4080 grandiores
1104 4001 1213 4072 noant,
1236 4017 1359 4078 aequum

257 4103 302 4152 est
323 4104 356 4152 ut
371 4093 533 4174 junioribus
555 4093 727 4153 concionem
747 4093 887 4153 adversus
902 4092 1065 4174 Pythonem
1081 4093 1257 4173 Byzantium
1270 4091 1360 4153 *babi-

256 4193 317 4242 tam
338 4185 481 4260 indicetis,
497 4207 563 4246 carn
578 4187 715 4247 adductis
728 4187 902 4247 Graecorum
924 4187 1030 4266 legatis
1047 4187 1141 4258 affluit,
1155 4188 1277 4269 injurias
1297 4203 1358 4248 no·

254 4285 323 4334 atrae
336 4279 413 4336 urbis
427 4289 617 4338 ostensurus:
638 4288 669 4338 et
683 4279 858 4339 contrarium
876 4280 939 4360 ejus
960 4280 1041 4358 quod
1057 4291 1191 4359 sperarat
1210 4291 1356 4360 expensa

254 4367 385 4441 recessit,
398 4371 448 4429 ubi
470 4391 527 4449 ego
549 4372 630 4431 solus
651 4381 799 4432 oratorum
820 4371 899 4432 villius
922 4374 1059 4454 temporis
1082 4385 1207 4435 vestram
1231 4391 1353 4434 susan

254 4459 384 4521 delendi.
425 4462 538 4523 Omitto
550 4473 624 4542 quot
637 4464 799 4542 lagationes
813 4485 865 4544 pro
879 4466 960 4528 robis
972 4465 1105 4544 obierim
1116 4469 1147 4528 ia
1162 4467 1271 4548 quibus
1289 4481 1354 4524 om-
