2967 5017
261 339 323 404 828
569 341 755 404 Exortum
775 329 1038 402 concionum.

260 495 365 556 deum·
390 495 568 558 concordius
592 497 857 577 deliberetis-quo
883 495 923 556 ed
947 491 1105 574 prasentia
1119 485 1248 568 negotis
1279 485 1361 546 odii!

127 593 131 599 '
259 587 366 648 cedere
383 598 473 669 quest
493 589 672 669 optatius-7
688 599 751 662 ast,
771 589 796 648 si
818 605 920 649 suasor
942 605 1025 648 suam
1043 580 1216 645 untsntiam
1228 579 1362 659 probare

207 745 210 751 ,
259 679 340 742 haud
362 681 481 761 poterit,
502 682 628 743 decretis
649 682 754 742 restris
777 678 958 742 constantius
979 675 1150 737 innitemini.
1204 670 1359 732 Praetersa

260 794 321 835 non
334 775 414 834 bona
425 775 529 836 subest
550 774 690 855 suspicio,
703 774 802 836 uenire
818 774 848 833 in
862 771 1046 846 concionem,
1059 767 1144 848 qussi
1163 786 1201 829 ex
1217 765 1265 824 hir
1284 783 1358 844 ques

260 866 521 946 dicenmroptima
545 867 605 927 sint
623 866 779 948 eligenda:
800 873 898 926 tamen
919 862 1084 934 ostendere,
1097 860 1267 941 priusquam
1287 875 1358 917 ora-

259 959 371 1018 tionum
384 959 515 1019 delectus
528 958 567 1018 sit
582 958 711 1032 habitus,
722 959 914 1037 vosmetipsos
927 955 1036 1035 aliquid
1050 969 1221 1034 persuasum
1233 950 1357 1020 habere,

260 1050 348 1129 idque
359 1061 420 1111 tarn
434 1051 632 1130 pertinaciter,
646 1061 679 1112 ut
700 1060 806 1129 praeter
828 1050 859 1111 id
881 1068 917 1110 ne
940 1046 1040 1107 audire
1056 1045 1176 1124 quidem
1193 1042 1357 1122 quiequam

261 1144 366 1205 velitis.

752 1271 860 1332 XLVI.

302 1377 445 1439 Fortassis
479 1378 672 1460 importunus,
698 1376 903 1449 Athenienses,
936 1373 1110 1455 quibusdem
1136 1383 1264 1435 vestrum
1289 1391 1358 1434 esse

261 1469 371 1542 videor,
384 1470 434 1548 qui
458 1489 539 1548 sepe
560 1478 591 1528 et
610 1467 729 1546 quidem
752 1467 856 1528 iisdem
879 1477 1019 1548 perpetuo
1040 1466 1077 1527 de
1096 1452 1182 1528 rebus
1199 1467 1289 1526 rerbn
1309 1464 1356 1524 ia-

262 1561 354 1624 cirunz
375 1579 486 1634 rerum,
510 1561 537 1620 si
558 1579 618 1619 rem
644 1569 723 1619 reete
747 1559 947 1634 consideretis,
966 1578 1025 1619 non
1051 1579 1098 1619 me
1125 1559 1155 1618 iu
1179 1557 1267 1638 culpa
1288 1576 1357 1617 esse

262 1652 408 1726 ridebitis,
422 1653 477 1712 sed
498 1671 549 1714 eos
570 1652 620 1730 qni
633 1651 737 1712 vestris
762 1645 887 1714 dicretis
914 1671 974 1712 non
998 1651 1208 1732 obtemperant.
1251 1647 1312 1720 Qui
1331 1649 1361 1710 si

261 1745 386 1822 primum
399 1743 540 1806 fecissent
553 1763 620 1823 quae
633 1763 685 1804 vos
699 1743 840 1824 jussistis,
861 1744 931 1805 nihil
946 1744 1076 1806 seeundo
1088 1765 1143 1807 nos
1157 1745 1247 1806 verbe
1258 1743 1358 1805 lacere

261 1835 369 1898 suisset
385 1855 471 1917 opus,
493 1857 588 1918 neque
609 1837 635 1897 si
662 1837 802 1911 secundo,
828 1837 945 1898 denuo:
977 1858 1067 1912 nunc,
1085 1857 1144 1919 quo
1171 1837 1279 1916 sepius
1302 1855 1358 1898 vos

262 1947 298 1988 ea
311 1949 378 2010 quea
395 1930 457 1990 fieri
470 1929 580 1990 debent
595 1928 812 2009 promulgastis,
826 1949 863 1989 eo
884 1929 955 1992 mihi
967 1929 1103 1992 ridentur
1124 1928 1167 1990 illi
1180 1927 1276 1988 minus
1288 1947 1358 1990 esse

261 2024 356 2102 parati
381 2023 421 2083 ad
444 2022 622 2084 iaciendum.
671 2023 717 2082 Ac
738 2022 820 2101 prius
853 2023 1025 2102 ignorabam
1051 2021 1186 2102 equidem
1216 2039 1358 2100 quorsum

263 2113 374 2174 dictum
400 2113 483 2186 illud,
507 2114 780 2193 magistratus
809 2112 936 2174 virum
962 2111 1162 2184 ostendit,
1180 2112 1357 2192 pertineret:

262 2225 343 2267 nnnc
355 2223 425 2266 vero
437 2205 469 2264 id
488 2204 559 2265 alios
570 2206 656 2266 etiem
674 2224 764 2286 posse
786 2205 893 2276 docere
909 2205 1018 2267 videor.
1061 2205 1253 2284 Magistratus
1267 2204 1356 2278 enim,

263 2309 315 2358 aut
336 2307 426 2366 certe,
449 2316 485 2358 ne
508 2317 611 2358 omnes
640 2297 748 2371 dicem,
771 2297 889 2376 quidam
911 2297 1036 2370 illorum,
1060 2307 1093 2357 ut
1119 2308 1217 2358 vestra
1240 2295 1358 2357 decreta.

264 2411 319 2451 nec
332 2389 444 2450 minimi
467 2389 590 2459 iaciunt,
604 2387 647 2449 sic
665 2389 696 2449 id
718 2409 808 2448 unum
827 2399 963 2470 spectant
980 2389 1060 2450 unde
1078 2387 1232 2470 accipiant.
1267 2388 1355 2455 Quod

264 2482 290 2542 si
310 2479 381 2540 mihi
401 2489 481 2540 esset
502 2479 582 2559 quod
605 2480 715 2556 darem,
732 2482 800 2561 jure
823 2484 861 2542 ob
882 2481 1009 2562 idipsum
1027 2502 1074 2544 me
1096 2480 1237 2562 quispiam
1259 2501 1357 2562 repre-

262 2571 414 2645 henderet,
441 2571 521 2651 quod
544 2570 706 2634 obtundere
728 2593 780 2633 ros
803 2575 886 2654 perri
909 2584 1043 2655 sumptus
1073 2573 1166 2654 gratia
1187 2592 1246 2632 non
1272 2571 1357 2633 dubi-

263 2675 376 2726 tarem:
397 2684 477 2725 nune
499 2665 531 2725 id
555 2664 618 2727 fieri
634 2685 695 2726 non
712 2676 820 2746 potest,
833 2665 866 2726 id
884 2666 966 2745 quod
984 2687 1041 2728 nec
1061 2668 1114 2747 ipsi
1136 2667 1282 2728 nesciunt.
1325 2663 1357 2726 Si

264 2777 334 2819 vero
346 2777 399 2837 pro
409 2757 445 2817 iis
459 2778 526 2838 quee
538 2757 621 2818 robis
639 2759 808 2837 prestanda
821 2770 899 2832 sunt,
913 2779 960 2820 me
981 2759 1037 2820 sibi
1057 2757 1219 2819 auctarium
1240 2755 1357 2818 additu·

264 2870 328 2910 rum
340 2843 455 2930 putent,
470 2868 564 2929 nugas
578 2860 680 2928 agunt,
694 2870 730 2911 ac
744 2870 780 2910 ea
799 2849 924 2911 fortasse
937 2851 1051 2924 volunt,
1064 2869 1131 2931 qum
1151 2847 1238 2912 etiam
1251 2869 1356 2930 exspe-

265 2951 363 3002 cont:
385 2961 440 3021 ego
453 2961 522 3002 uero
536 2960 571 3000 en
585 2961 645 3001 non
658 2941 775 3012 faeiem,
790 2941 843 3001 scd
857 2940 1000 3022 siquidem
1015 2939 1161 3022 dederint,
1174 2941 1270 3002 navim
1288 2961 1355 3021 pro-

264 3031 388 3103 traham,
402 3031 556 3110 officioque
569 3031 685 3112 fungar,
703 3033 750 3091 sin
767 3033 873 3106 minus,
894 3034 1009 3112 eosqui
1031 3044 1100 3096 sunt
1117 3033 1147 3094 in
1173 3033 1260 3116 culpa
1274 3033 1355 3094 vobis

265 3123 413 3186 indicabo.

744 3228 867 3290 xtvlr.

307 3343 404 3403 Nemo
413 3361 503 3404 sanus
516 3345 635 3424 negabit
643 3345 759 3427 opinor,
773 3347 979 3422 Athenienses,
989 3350 1115 3410 maxime
1127 3369 1193 3412 esse
1206 3369 1224 3410 e
1238 3350 1356 3432 Repub.

266 3444 300 3492 ut
314 3453 351 3494 ne
364 3434 437 3513 quid
449 3435 532 3496 initio
546 3438 665 3498 noxium
682 3449 808 3518 agetur:
830 3439 876 3498 siu
890 3440 996 3514 minus,
1015 3452 1048 3501 nt
1066 3444 1163 3503 stetim
1175 3451 1284 3521 presto
1300 3441 1357 3502 sint
1474 3511 1475 3529 ,

266 3526 318 3606 qui
328 3526 519 3588 intercedant.
561 3531 659 3608 Atque
672 3531 731 3591 huc
744 3530 817 3591 illud
833 3531 973 3593 accedere
994 3532 1091 3608 debet,
1101 3545 1135 3592 ut
1147 3553 1200 3595 vos
1214 3544 1245 3594 et
1257 3534 1357 3595 audire

266 3629 299 3678 et
311 3618 410 3678 doceri
430 3618 535 3680 velitis.
577 3621 658 3682 Nihil
679 3625 756 3683 eninr
779 3624 920 3704 profuerit
933 3638 998 3684 esse
1020 3625 1069 3703 qui
1093 3625 1204 3702 optima
1223 3625 1357 3700 suadeat,

266 3709 354 3788 siqui
367 3711 547 3791 obtemperet
564 3713 672 3776 habeat
685 3717 841 3777 nemiuem.
883 3716 961 3786 Quin
985 3716 1056 3777 illud
1078 3718 1165 3779 etiam
1185 3739 1244 3779 non
1257 3719 1357 3780 inutile

266 3801 357 3862 rideri
369 3812 475 3881 potest,
490 3823 557 3864 esse
570 3806 696 3884 aliquem
708 3808 770 3886 qui,
785 3810 809 3868 si
822 3810 887 3888 quis
902 3809 984 3870 vobis
997 3809 1044 3868 rel
1056 3827 1109 3888 per
1121 3811 1303 3872 occasionem
1312 3813 1357 3876 rel
1473 3859 1474 3862 η

265 3905 385 3972 propter
397 3894 456 3954 diei
468 3905 583 3974 tempus
596 3899 644 3957 vel
658 3899 695 3958 ob
708 3901 839 3978 quamvis
852 3921 968 3961 causam
982 3900 1069 3962 aliem
1080 3902 1178 3963 lucum
1193 3904 1355 3977 feeeritee,
1471 3905 1472 3908 ’

265 4003 440 4065 quocunque
463 3996 593 4067 tempore
610 4001 641 4050 et
653 3993 740 4052 vestri
753 4013 819 4054 esse
828 3994 901 4073 juris
925 4006 955 4054 et
973 3993 1075 4055 audire
1088 3996 1247 4072 volueritis,
1259 4018 1356 4059 rursus

267 4079 421 4139 examinet.
464 4079 517 4153 Ut,
531 4081 556 4140 si
568 4081 639 4142 talia
650 4083 813 4160 videantur,
826 4087 925 4165 qualia
934 4085 982 4166 qui
997 4097 1059 4148 tum
1072 4101 1278 4168 persuaserant
1296 4111 1356 4151 esse
1472 4119 1473 4180 ,

267 4182 465 4240 asseruerunt,
482 4192 518 4232 ea
540 4175 702 4254 promptius
726 4179 831 4257 agatis,
853 4192 888 4239 ut
913 4181 1117 4258 comprobato:
1139 4181 1184 4240 sin
1206 4181 1280 4242 forte
1299 4201 1357 4242 non

266 4261 406 4332 ejusmodi
439 4266 627 4342 reperiantur,
662 4281 818 4350 antequam
851 4271 969 4351 longius
995 4274 1179 4352 procedatur,
1206 4275 1355 4336 desinatis.

266 4349 364 4410 Grave
378 4354 455 4413 eninr
469 4356 565 4428 luerit,
579 4359 604 4417 si
624 4361 741 4439 optimis
762 4363 890 4422 frustrati
910 4364 1039 4442 pessime
1051 4381 1138 4444 egere
1159 4387 1278 4430 necesse
1300 4369 1350 4432 ha·

265 4444 368 4520 beatis,
382 4457 434 4506 aut
445 4447 470 4508 si
483 4448 589 4511 deinde
603 4471 659 4512 nee
671 4473 688 4513 e
702 4473 733 4513 re
748 4464 817 4516 nats
831 4454 917 4516 lineet
938 4465 1049 4518 mutare
1069 4460 1230 4521 consilium.
1273 4461 1353 4524 Alios
1471 4445 1472 4504 l

1471 4539 1472 4577 r
