2967 5017
434 329 602 392 CONTRA
621 327 894 392 TIMARCHUM.
1174 327 1210 391 al

111 480 325 544 Atheniensem
343 494 447 544 contra
463 484 547 564 leges
560 484 743 556 conduxerit,
756 483 904 564 lapidibus
926 483 1072 554 obruetur,
1087 491 1176 562 atque
1196 503 1213 542 c

106 571 226 651 judicio
240 576 384 646 discedet,
405 595 465 636 non
479 587 562 636 sexta
582 577 728 636 duntaxat
749 578 902 636 aestimatas
924 575 982 634 litis
1002 585 1084 654 parte
1104 575 1213 634 conde-

110 676 246 740 mnatus,
259 668 313 728 sed
325 676 356 726 et
368 669 406 728 ob
424 669 630 728 contumeliam
643 667 784 748 punitus?
807 669 918 730 Verum
930 687 989 726 non
1004 667 1061 736 ille,
1075 667 1127 726 sed
1141 686 1213 725 con-

21 817 30 826 ,
108 756 225 818 ductus
238 761 320 820 litem
340 761 484 833 intendat,
498 771 529 821 et
541 762 659 840 sapiens
678 761 736 820 iste
751 760 872 820 Batalus
894 777 1012 819 causam
1028 758 1106 818 illius
1123 767 1192 836 agat
1203 773 1226 818 ι·

110 858 152 908 ut
163 850 316 912 videamus
329 853 400 931 quid
414 853 545 913 dicturus
558 853 607 913 sit.
633 850 784 912 Conduxit
794 867 852 922 me,
870 850 997 930 judices,
1011 850 1048 929 ad
1063 850 1214 910 libidinem

108 943 241 1018 pecuma
250 964 313 1017 sua,
326 946 492 1025 quicunque
507 944 668 1016 sit-nihil
681 944 757 1004 enim
769 943 901 1014 interest,
915 943 938 1000 si
948 944 991 1003 ita
1003 942 1167 1012 dicatur-,
1178 961 1213 1002 ac

108 1049 173 1110 ego
186 1035 284 1094 omnia
294 1046 326 1094 et
338 1035 409 1108 ieci,
420 1045 451 1095 et
463 1035 560 1096 adhuc
573 1035 659 1104 facio,
674 1043 708 1092 ut
726 1033 835 1092 tabulas
846 1033 961 1112 jubent,
980 1053 1046 1111 quaa
1060 1043 1156 1092 scorto
1170 1033 1213 1093 la·

110 1123 223 1184 cienda
241 1137 320 1186 sunt.
345 1128 405 1188 Iste
419 1138 517 1187 autern
534 1127 622 1185 iidem
636 1123 756 1202 frangit.
789 1125 895 1183 Nonne
909 1145 977 1184 vero
996 1144 1134 1203 magnum
1153 1125 1214 1184 cla·

109 1233 225 1274 morem
242 1219 348 1277 tollent
364 1217 503 1298 judicesl
524 1217 599 1283 Quis
613 1217 691 1274 enim
708 1234 769 1272 nou
790 1213 886 1274 dicet:
908 1226 939 1276 et
957 1217 1055 1277 adbuc
1074 1218 1213 1277 lusorum

110 1307 237 1395 proditi
255 1309 318 1370 Aut
337 1328 474 1368 coronam
498 1305 616 1386 gestat?
646 1306 711 1365 Aut
733 1305 843 1382 aliquid
861 1325 961 1365 eornm
984 1309 1046 1385 agit
1065 1328 1131 1386 qum
1152 1330 1212 1369 non

110 1399 253 1477 aginus?
268 1401 370 1478 ltaque
378 1398 459 1459 nulla
470 1410 518 1458 est
527 1398 704 1480 syngraphae
714 1398 836 1457 utilitas.
859 1396 947 1456 Unde
957 1407 1054 1457 autem
1063 1400 1216 1460 inoleverit

108 1489 301 1550 consuetudo
314 1492 375 1567 illa,
390 1503 423 1551 ut
437 1492 560 1564 dicatur,
576 1493 721 1572 quosdam
733 1511 771 1551 ex
789 1491 896 1550 tabulis
911 1493 956 1550 rui
970 1492 1071 1551 secisse
1090 1494 1213 1572 copiam,

103 1582 174 1661 jam
193 1583 357 1660 explicabo.
378 1585 506 1650 Quidam
522 1586 778 1646 civium—nomen
795 1595 890 1659 taceo,
902 1585 1033 1645 vitandae
1045 1584 1215 1648 offensionis
1231 1619 1238 1628 ·

51 1665 55 1670 ’
108 1675 327 1734 causa-nulla
340 1696 440 1736 earum
460 1696 557 1736 rerum
578 1677 682 1736 habita
701 1677 824 1748 ratione,
841 1695 913 1755 quas
934 1677 1024 1756 paulo
1045 1688 1113 1737 ante
1132 1679 1213 1757 apud

107 1785 168 1826 vos
182 1769 416 1842 commemorari,
437 1767 528 1828 fertur
549 1777 653 1828 contra
666 1769 843 1848 pactionem,
861 1768 942 1848 apud
954 1769 1102 1828 Anticlem
1118 1771 1214 1844 sitam,

110 1878 148 1918 se
162 1858 362 1937 prostituisset
384 1870 415 1920 et
427 1860 453 1920 is
468 1861 589 1940 quidem
603 1878 662 1919 non
676 1859 766 1919 homo
780 1859 922 1939 plebeius,
938 1861 991 1919 sed
1005 1861 1214 1940 rempublicam

111 1950 340 2012 administrans:
361 1953 486 2031 quicum
499 1953 625 2013 dicteriis
639 1951 747 2011 incessi
757 1951 860 2026 soleat,
874 1951 983 2022 effecit,
998 1963 1032 2012 ut
1044 1952 1108 2013 lraec
1122 1955 1215 2016 oratio

110 2043 153 2102 de
167 2063 248 2115 mors
261 2054 450 2136 usurparetur
464 2045 493 2103 in
508 2045 598 2104 urbe:
620 2064 714 2123 eaque
728 2045 766 2104 dc
779 2039 871 2104 causa
890 2044 1008 2124 quidam
1023 2045 1213 2127 interrogent,

110 2154 153 2194 an
174 2154 221 2196 res
235 2154 274 2195 ex
295 2137 466 2216 syngrapha
484 2137 522 2198 sit
535 2137 677 2217 peracta?
705 2137 869 2216 legislator
890 2147 988 2196 autem
1006 2157 1066 2197 non
1090 2141 1212 2212 curarit,

110 2245 175 2306 quo
187 2238 274 2306 pacto
287 2247 334 2288 res
348 2230 428 2290 iacta
441 2229 499 2289 sit:
527 2229 581 2289 sed
595 2229 620 2288 si
634 2229 694 2288 ullo
707 2240 795 2310 pacto
804 2229 912 2289 locatio
926 2229 1131 2304 intercesserit,
1145 2248 1213 2292 eum

110 2319 331 2393 condemnavit,
341 2320 392 2400 qui
405 2321 536 2380 dedecus
550 2322 580 2380 in
593 2341 660 2381 sese
672 2321 798 2382 admisit.

156 2413 205 2471 ³3.
227 2412 303 2480 Quae
320 2411 452 2492 quamvis
473 2424 534 2472 tam
555 2423 653 2492 aperte
675 2412 837 2472 constituta
851 2412 919 2486 sint,
943 2422 1078 2471 tamena
1101 2409 1211 2475 Demo·

110 2504 217 2564 sthene
229 2504 328 2564 multas
342 2505 496 2563 verborum
509 2505 708 2564 cavillationes
721 2506 951 2583 interponentur.
973 2506 1021 2564 Ac
1034 2523 1080 2564 eae
1094 2504 1213 2582 quidem

109 2594 292 2674 imposturae,
306 2615 381 2673 quas
400 2597 441 2656 rei
455 2607 562 2656 natura
573 2597 716 2676 postulat,
729 2598 857 2675 aequiore
871 2597 968 2656 animo
983 2598 1050 2657 ierri
1068 2608 1212 2675 possunt:
1313 2653 1315 2660 ,

109 2707 188 2768 quas
201 2709 272 2750 vero
284 2689 468 2748 extrinsecus
485 2689 630 2758 insarciet,
646 2689 762 2768 adjura
780 2687 905 2746 civitatis
926 2686 1151 2766 corrumpenda,
1169 2707 1213 2746 aaa

110 2781 232 2840 demum
246 2780 342 2857 digne
356 2791 426 2840 sunt
438 2779 601 2844 iracundia.
624 2779 775 2858 Frequens
785 2779 864 2838 enim
879 2780 933 2838 erit
946 2778 1073 2857 Philippi
1084 2780 1211 2838 mentio:

110 2869 322 2932 admiscebitur
343 2871 430 2930 etiam
453 2890 561 2930 nomen
584 2873 667 2947 pueri
681 2868 853 2928 Alexandri.
887 2868 964 2928 Nam
983 2879 1090 2948 proeter
1114 2879 1214 2929 cetera

111 2964 204 3035 mala,
218 2964 273 3023 iste
287 2983 306 3021 a
318 2964 409 3027 musis
423 2961 536 3022 alienus
555 2971 586 3021 et
605 2960 686 3020 rudis
699 2959 787 3020 homo
809 2969 864 3018 eat
900 2961 976 3020 Nam
990 2961 1121 3021 oratione
1141 2962 1212 3022 Plri-

110 3055 225 3135 lippum
249 3053 457 3132 perstringere,
478 3063 526 3112 est
539 3051 613 3111 illud
635 3051 755 3130 quidem
777 3050 900 3110 inscitia
916 3061 947 3110 et
966 3053 1211 3131 importunitatis:

112 3147 209 3206 minos
222 3155 321 3205 tamen
335 3145 475 3205 delictum
490 3163 526 3204 eo
539 3144 620 3223 quod
638 3144 774 3222 ,dicturus
787 3161 861 3202 sum.
887 3141 964 3202 Nam
978 3142 1005 3201 ei
1019 3162 1106 3222 quem
1119 3145 1212 3206 virum
1309 3189 1311 3196 -

113 3257 182 3298 esse
191 3246 317 3306 constat,
328 3235 461 3297 convicia
470 3235 559 3309 dicet,
568 3254 636 3295 cum
652 3235 716 3314 ipse
728 3235 771 3294 vir
785 3253 845 3293 non
859 3233 907 3292 sit.
929 3233 1006 3293 Cum
1019 3238 1213 3316 reroexcogi.

113 3329 185 3391 tatis
194 3329 223 3390 in
238 3348 360 3410 puerum
368 3329 609 3389 translationibus
623 3327 788 3400 verborum,
798 3337 899 3407 turpes
914 3327 1214 3408 suspicioneainjece·

111 3422 162 3492 rit,
170 3421 323 3481 ridiculam
336 3421 424 3480 faciet
436 3420 595 3480 civitatem.
617 3417 711 3486 Quasi
719 3419 797 3478 enim
808 3417 935 3478 rationes
947 3419 1035 3480 obitoe
1045 3420 1213 3499 legationis,

112 3533 190 3594 quas
201 3514 369 3574 redditurus
382 3531 457 3585 sum,
471 3511 603 3571 loesurus'
616 3512 674 3570 ait:
694 3530 762 3570 cum
781 3511 842 3592 ipse
863 3530 956 3590 nuper
977 3510 1056 3589 apud
1078 3521 1213 3572 senatum

113 3605 153 3667 de
165 3624 257 3683 puero
272 3604 445 3664 Alexandro
457 3603 591 3676 dixisset,
604 3622 670 3663 eum
684 3603 715 3662 in
729 3601 945 3682 compotatione
958 3611 1058 3660 nostra
1070 3602 1212 3663 citharam

57 3755 60 3762 ,
113 3699 260 3778 pulsasse,
280 3708 311 3758 et
324 3696 405 3758 dicta
418 3696 554 3776 quasdam
569 3694 721 3765 recitasse,
736 3706 767 3754 et
782 3713 850 3754 cum
864 3692 921 3752 alio
936 3712 1027 3772 puero
1043 3712 1112 3752 csse
1122 3715 1213 3756 aemu-

112 3789 224 3849 latum:
249 3809 375 3869 cumque
384 3789 422 3848 de
436 3787 483 3847 his
491 3787 562 3867 quid
572 3787 703 3858 sentiret,
714 3785 794 3866 apud
803 3794 938 3844 senatum
948 3784 1145 3864 exposuisset,
1159 3785 1213 3848 do·

113 3880 205 3942 luisse
218 3901 277 3954 me,
297 3901 358 3941 non
371 3891 407 3941 ut
420 3880 576 3961 legationis
596 3879 753 3958 collegam,
767 3879 821 3938 sed
834 3886 869 3936 ut
882 3876 964 3956 pueri
983 3886 1151 3957 cognatum,
1174 3881 1213 3940 ob

14 3961 18 3970 ’
112 3971 164 4034 illa
173 3972 305 4034 dicteria.
319 3973 385 4053 Ego
393 3992 462 4034 vero
472 3993 540 4032 cum
546 3971 714 4032 Alexandro
723 3990 784 4030 non
794 3968 959 4030 collocutus
969 3988 1033 4028 sum
1046 3971 1083 4030 ob
1095 3980 1214 4032 etatem
1387 4043 1390 4050 ‚

115 4064 201 4134 illius,
223 4063 391 4150 Philippum
404 4076 503 4125 autem
522 4068 601 4125 nunc
622 4065 660 4124 ob
682 4061 823 4122 orationis
844 4061 1081 4120 commoditatem
1103 4060 1212 4124 laudo:
1288 4103 1296 4117 .

116 4156 208 4237 quisi
224 4176 255 4216 re
271 4157 339 4236 ipsa
352 4157 394 4215 sic
412 4176 484 4236 erga
495 4175 549 4216 vos
562 4177 595 4216 se
615 4155 740 4235 gesserit
757 4163 792 4212 ut
807 4171 885 4212 nunc
901 4151 1029 4230 benigne
1047 4150 1212 4231 pollicetur,
1249 4181 1250 4186 ¹

115 4259 261 4312 tutemet
272 4247 389 4309 facilem
402 4249 510 4310 efficiet
520 4247 661 4308 laudandi
680 4247 724 4306 sui
744 4245 894 4305 rationem.
929 4241 1092 4323 Objurgavi
1114 4255 1212 4306 autern

115 4341 347 4412 Demosthenem
362 4341 498 4414 incuria,
513 4360 573 4402 non
588 4340 672 4420 pueri
684 4337 856 4400 demerendi
869 4355 970 4408 causa,
991 4335 1055 4408 sed,
1069 4337 1148 4415 quod
1162 4357 1212 4399 ex·
