2967 5017
362 333 421 404 ns
443 341 557 404 uras
581 339 713 402 cssrs
732 319 990 402 nasamone.
1185 343 1224 404 ss

134 504 426 569 camsDemomelem
440 506 652 579 Panniensem,
664 505 871 567 consobrinum
885 515 978 578 tuum,
988 523 1055 564 cum
1069 501 1132 584 ipse
1143 514 1225 566 tuum

132 609 223 680 caput
234 601 400 662 incidisses.
427 601 539 662 Tamen
551 603 637 660 verba
650 599 748 660 fundis
763 599 843 678 apud
857 616 911 658 nos
932 597 1084 676 sapientia,
1101 601 1184 676 quasi
1196 599 1227 660 hi

131 689 278 769 ignorent,
290 705 321 753 te
334 693 426 754 filium
437 693 632 753 adulterinum
646 710 712 752 esse
722 690 933 750 Demosthenis
947 687 1109 768 gladiorum
1122 690 1205 750 fabri.

173 786 223 844 ³0.
246 785 390 845 Praeterea
397 786 493 844 dicere
503 805 591 844 ausus
605 803 649 856 es,
663 802 709 843 me
723 775 868 862 legatione
883 779 1127 860 Amphictyonica
1139 782 1227 844 etiam

131 875 254 954 ejurata,
268 877 362 939 olllcio
376 898 435 938 non
444 897 510 938 esse
523 877 656 938 functum
669 895 677 938 z
699 895 734 936 ac
746 877 895 935 decretum
906 873 985 933 aliud
997 874 1134 944 recitasti,
1147 875 1228 936 aliud

131 967 301 1028 transiliisti.
330 969 398 1049 Ego
412 987 481 1029 vero
501 969 616 1048 legatus
637 967 676 1027 ad
694 965 924 1046 Amphictyones
945 973 1072 1038 creatus,
1094 967 1242 1044 quamvis·

130 1057 245 1120 infirma
265 1061 443 1133 valetudine,
465 1081 574 1141 magna
586 1071 684 1120 tamen
705 1079 771 1119 cum
794 1059 954 1129 alacritate,
976 1076 1052 1130 eam,
1067 1059 1146 1119 unde
1159 1061 1227 1121 red·

110 1141 229 1224 'ieram
239 1152 416 1230 legationem
430 1151 509 1232 apud
523 1172 576 1213 vos
590 1152 769 1224 renunciavi,
790 1151 966 1228 legationem
981 1157 1079 1208 autern
1093 1167 1152 1210 nou
1165 1153 1227 1232 eju-

129 1241 202 1313 rari,
215 1244 269 1303 sed
281 1245 400 1324 promisi
414 1263 461 1303 me
480 1245 636 1314 obiturum,
651 1243 677 1302 si
694 1242 756 1302 ullo
774 1242 862 1300 modo
882 1259 1018 1320 possem:
1040 1259 1108 1300 curn
1128 1253 1226 1305 autem

129 1332 252 1411 collega
265 1337 322 1395 mei
341 1344 476 1395 senatum
496 1334 679 1406 accederent,
698 1334 815 1415 tratrem
830 1332 931 1391 meum*
940 1332 1060 1411 ejusque
1080 1333 1180 1406 lilium,
1196 1345 1227 1398 et

128 1425 275 1484 medicum
295 1425 372 1497 misi,
394 1445 453 1486 non
472 1446 538 1489 meo
557 1427 673 1486 nomine
693 1427 958 1505 ejuratos-neque
979 1424 1055 1484 enim
1078 1423 1124 1484 lex
1148 1427 1225 1500 sinit,

126 1515 227 1592 populi
239 1515 383 1595 suffragiis
396 1519 516 1578 decreta
527 1539 650 1579 munera
663 1517 693 1576 in
707 1527 811 1577 senatu
826 1517 988 1596 ejurare—,
1008 1514 1061 1574 sed
1076 1514 1225 1578 infirmita-

127 1613 187 1663 tem
202 1624 296 1666 meam
309 1607 498 1668 indicaturos.
530 1611 606 1670 Cum
620 1619 717 1669 autem
732 1609 855 1686 collegas
869 1607 936 1678 mei,
952 1607 1098 1667 Phocensi
1112 1608 1225 1669 excidio

126 1696 237 1763 audito.
251 1699 448 1770 revertissent,
461 1699 564 1759 habita
581 1701 732 1770 concione,
741 1699 804 1777 jam
819 1717 958 1777 proesens,
972 1707 1002 1757 et
1018 1717 1139 1777 corpore
1153 1717 1224 1758 con·

126 1789 253 1859 firmato,
274 1789 488 1868 cam'populus
503 1789 691 1850 nibilominus
705 1808 761 1848 nos
782 1806 883 1847 omnes
903 1787 953 1866 qui
971 1790 1094 1868 primum
1118 1789 1225 1850 delecti

126 1879 276 1940 fueramus
290 1879 328 1942 ad
340 1882 507 1942 obeundam
516 1883 695 1962 legationem
708 1881 851 1957 adigeret,
865 1899 923 1940 non
936 1880 1035 1940 danda
1053 1901 1118 1941 esse
1136 1884 1224 1944 verba
1308 1937 1313 1950 ,

126 1972 358 2034 Atheniensibus
372 1973 540 2033 existimavi.
564 1974 609 2033 At
618 1973 700 2032 illam
713 1970 831 2051 quidem
841 1971 1028 2050 legationem,
1039 1991 1086 2033 me
1096 1973 1223 2034 rationes

125 2065 281 2136 referente,
297 2086 357 2126 nou
372 2067 544 2139 accusabas,
558 2064 636 2126 hauc
647 2075 747 2126 autem
764 2062 886 2135 invadis,
901 2057 959 2142 qu'a
973 2065 1010 2123 ad
1019 2064 1222 2144 jusjurandum

124 2157 274 2237 profectus
285 2177 366 2226 sumt
390 2177 479 2237 quam
490 2177 546 2236 ego
554 2158 707 2237 perspicue
719 2165 750 2215 et
759 2157 825 2233 jure
837 2155 946 2234 optimo
958 2155 1123 2218 defendam.
1145 2157 1222 2218 Nam

121 2250 176 2310 tibi
188 2253 316 2330 quidem,
330 2262 361 2311 et
369 2237 580 2311 mentientibus
586 2250 721 2309 omnibus
732 2257 779 2307 est
787 2247 1050 2318 accommodatum,
1064 2250 1222 2310 transferre

122 2355 274 2423 tempora:
289 2343 358 2404 mihi
371 2363 451 2414 vero,
467 2342 569 2404 ordine
580 2341 735 2412 disserere,
747 2339 883 2400 orationis
894 2339 974 2398 initio
985 2339 1108 2418 repetito
1123 2360 1140 2399 a
1153 2359 1221 2419 pro-

120 2435 261 2507 fectione,
271 2445 300 2493 et
308 2435 454 2514 legatione
464 2443 584 2515 propter
596 2431 772 2512 exigendum
778 2431 982 2513 jusjurandum
992 2442 1138 2512 suscepta.
1159 2431 1222 2492 Pri-

121 2547 203 2586 mum
215 2545 305 2606 quum
313 2525 403 2605 legati
411 2536 513 2586 esseut
521 2527 636 2595 decem,
646 2535 735 2602 atque
742 2523 915 2584 undecimus
926 2523 1088 2598 accederet,
1098 2525 1123 2585 is
1133 2543 1220 2605 quem

119 2616 256 2677 fraderati
270 2617 422 2676 nobiscum
436 2617 585 2688 miserant,
599 2635 686 2674 nemo
701 2634 768 2674 cum
783 2617 839 2674 isto
853 2613 949 2672 cibum
964 2633 1077 2693 capere,
1090 2635 1157 2675 cum
1172 2637 1219 2676 se·

121 2708 223 2770 cunda
234 2708 382 2786 legatione
396 2709 549 2779 exiremus,
559 2707 661 2780 voluit,
676 2726 772 2787 neque
783 2707 812 2764 in
826 2703 939 2776 itinere,
954 2705 1003 2762 ubi
1019 2706 1099 2764 vitari
1113 2707 1219 2785 potuit,

120 2802 153 2860 iu
167 2801 270 2861 eadem
284 2819 418 2879 caupona
430 2799 584 2870 divertere,
599 2800 709 2878 quippe
723 2799 774 2876 qui
789 2796 928 2867 viderent,
943 2815 1008 2856 eum
1024 2795 1118 2875 priore
1138 2796 1219 2876 lega·

119 2894 202 2952 tione
215 2893 351 2953 omnibus
365 2892 531 2954 insidiatum
544 2913 619 2952 esse.
644 2893 690 2951 De
704 2893 807 2951 itinere
820 2909 905 2970 porro
920 2891 950 2949 iu
961 2891 1114 2950 Thraciam
1127 2891 1219 2952 susci·

121 2985 241 3066 piend0,
256 2987 338 3045 nulla
350 2986 430 3046 facta
443 2996 489 3045 est
498 2983 832 3062 mentio-nequeenim
848 2981 968 3041 decreto
982 2980 1012 3039 id
1025 2983 1109 3041 uobis
1124 2981 1218 3062 injun-

120 3079 257 3156 gebatur,
270 3076 323 3136 sed
337 3075 367 3141 id
380 3076 533 3147 duntaxat,
546 3084 580 3133 ut
587 3071 797 3154 jusjurandum
809 3072 999 3151 exigeremus,
1017 3075 1052 3132 'ac
1066 3071 1123 3133 alia
1137 3091 1217 3152 qum·

118 3168 248 3248 piam-‚
268 3187 322 3229 nec
336 3167 361 3226 si
374 3167 578 3239 vumusemus,
599 3171 685 3244 agere
705 3165 789 3226 nobis
806 3163 945 3236 licuisset,
969 3183 1037 3224 cum
1056 3165 1097 3224 ita
1111 3165 1217 3227 Cerso·
1274 3229 1279 3242 ,

118 3260 227 3340 blaptis
248 3279 296 3320 res
316 3279 381 3319 sese
394 3259 545 3331 haberent,
560 3268 594 3317 ut
605 3257 694 3317 modo
707 3255 870 3329 audivistis,
885 3275 979 3334 neque
992 3255 1048 3316 iste
1062 3258 1217 3336 quicquam

117 3353 181 3414 veri
190 3352 272 3425 dixit,
283 3351 336 3410 sed
346 3349 493 3422 mentitur,
503 3361 534 3410 et
543 3349 720 3427 quiaserum
730 3349 844 3408 nullum
853 3347 963 3408 crimen
974 3349 1099 3427 objicere
1108 3359 1216 3428 potest,

117 3445 281 3527 praestigias
295 3443 365 3522 agit.

161 3539 210 3598 31.
232 3535 436 3614 Sequebantur
455 3543 553 3593 autem
565 3551 634 3593 eum
647 3532 781 3595 homines
801 3532 871 3604 duo,
890 3531 1019 3591 sarcinas
1040 3531 1215 3592 lectulorum

116 3632 254 3699 terentes,
277 3628 308 3685 in
320 3645 443 3704 quarum
456 3626 558 3697 altera,
573 3633 607 3682 ut
619 3622 681 3702 ipse
695 3624 802 3694 aiebat,
822 3622 963 3682 talentum
978 3623 1091 3700 argenti
1111 3621 1213 3684 inerat
1321 3623 1324 3630 ⁴

116 3721 222 3800 Itaque
243 3719 366 3797 collegae
386 3725 516 3776 veterum
540 3717 604 3795 ejus
628 3714 836 3801 cognominum
856 3712 1094 3772 recordabantur.
1135 3713 1214 3775 Nam

114 3831 192 3895 puer
208 3811 277 3871 duur
291 3820 380 3882 esset,
393 3810 432 3867 ub
445 3807 587 3886 flagitium
606 3808 766 3887 quoddam,
790 3817 841 3866 aut
857 3805 1013 3878 mollitiem,
1034 3805 1153 3866 Batulus
1167 3817 1214 3868 est

115 3913 250 3975 vocatus,
267 3921 334 3962 cura
357 3899 508 3981 pueritiam
523 3899 709 3972 excessisset,
724 3909 756 3958 et
768 3899 798 3957 in
814 3917 883 3957 suos
902 3905 1014 3958 tutores
1034 3897 1143 3957 denum
1166 3909 1212 3960 ta-

114 3997 227 4058 lentum
242 3997 371 4055 actiones
385 3992 569 4064 instituisset,
586 3993 682 4072 Argus
695 4001 741 4051 est
761 3988 935 4071 appellatus,
949 3989 992 4049 sir
1008 4007 1093 4067 porro
1106 3990 1211 4066 factus,

116 4109 271 4151 commune
294 4087 423 4147 omnium
445 4084 642 4163 improborum
663 4093 893 4162 cognomentum
916 4081 1082 4158 assumpsit,
1106 4091 1140 4140 ut
1160 4076 1211 4144 ca·

114 4181 272 4243 lumniator
284 4187 446 4240 vocaretur.
469 4177 536 4236 lbat
551 4185 659 4248 autem,
674 4175 806 4253 captivos
824 4185 857 4232 ut
872 4174 978 4247 aiebat,
992 4173 1209 4253 redempturus,

113 4283 150 4334 ut
156 4274 245 4333 modo
256 4270 336 4351 apud
346 4289 399 4331 vos
410 4271 497 4329 etiam
507 4269 590 4343 disis,
601 4288 669 4328 cum
678 4267 777 4342 sciret,
786 4265 953 4347 Philippum
966 4266 1107 4327 anemius
1116 4267 1209 4330 Athe-

114 4365 207 4426 niensi
220 4364 337 4443 captivo
354 4365 479 4443 pretium
492 4379 622 4441 unquam
643 4359 819 4440 postulasse,
837 4368 867 4418 et
882 4377 919 4420 er
941 4359 1003 4439 ejus
1023 4359 1123 4419 amicis
1145 4379 1208 4420 om·

113 4462 201 4522 uibus
214 4459 341 4538 audiret,
355 4478 423 4521 eum
432 4458 520 4521 etiam
529 4457 668 4536 reliquos,
683 4455 854 4536 pumicata,
868 4453 1053 4516 dimissurum
1066 4474 1074 4524 ;
1097 4453 1209 4514 ferebat
