2967 5017
415 335 635 399 ADVERSUS
658 339 891 404 potionum.
1140 349 1203 406 699

107 496 178 556 dere
190 505 326 574 sumptus
340 512 358 554 a
371 514 418 555 me
432 495 514 557 finito
525 497 705 576 praefecturas
719 505 850 576 tempore
865 499 970 571 iactos,
975 499 1075 576 jubeo,
1086 517 1125 558 ne
1135 518 1203 580 spe-

107 587 183 647 ciem
196 586 374 646 defensionis
393 587 514 647 haberet
533 587 613 667 apud
627 605 687 658 vos,
702 607 749 648 me
763 599 919 669 propterea
939 608 1044 649 navem
1057 589 1112 651 sibi
1122 591 1204 651 dare

107 678 247 762 noluisse,
262 688 296 738 ut
318 697 370 757 per
389 679 574 740 ambitionem
591 698 665 740 nave
684 681 761 741 bene
778 680 923 742 instructa
935 681 1055 740 domum
1068 681 1206 756 redirem,

106 779 139 830 et
155 771 236 850 apud
249 789 301 830 ros
320 781 452 850 sumptus
470 781 659 832 ostentarem.
701 773 798 838 Quam
819 792 886 832 cum
909 791 965 833 nec
983 773 1047 852 ipse
1070 773 1204 857 accipere

106 860 206 935 vellet,
219 871 249 921 et
260 871 359 921 nautea
371 881 505 922 nummos
525 863 564 924 ad
578 863 704 923 emenda
717 865 883 924 necessaria
895 864 1088 943 postularent,
1102 883 1205 926 rursus

106 954 146 1014 ad
169 975 235 1014 eum
257 954 367 1015 secedo
384 955 508 1016 testibus
526 955 672 1030 adhibitis,
686 975 811 1036 eumque
832 975 915 1036 rogo,
938 977 1008 1018 num
1031 958 1128 1018 navim
1151 959 1205 1018 ab.

104 1047 247 1106 ducturus
260 1057 347 1119 esset,
361 1057 391 1108 et
404 1067 473 1108 unm
490 1048 648 1126 pecuniam
662 1047 791 1118 baberet,
803 1058 864 1108 eta
877 1069 926 1108 me
938 1059 1113 1128 accepturus
1124 1061 1206 1110 esset

104 1158 222 1214 narem,
239 1139 352 1200 necue?
388 1140 600 1219 Respondente
613 1139 674 1213 illo,
688 1159 719 1200 se
734 1140 889 1202 advenisse
901 1161 969 1203 cum
982 1143 1119 1222 pecunia,
1138 1161 1204 1202 rnu-

104 1233 182 1292 inari
198 1232 266 1294 mibi
279 1233 476 1313 oppigneratis
489 1233 674 1293 armamentis
683 1233 771 1313 jussi,
783 1245 817 1294 ut
833 1233 1036 1295 distribuerem
1048 1235 1206 1314 pecuniam

103 1323 183 1383 inter
195 1335 309 1396 nautas,
324 1329 486 1403 navemque
500 1325 618 1386 domum
631 1326 812 1398 reducerem,
825 1326 945 1406 quando
958 1349 1024 1390 eam
1036 1329 1099 1408 ipse
1112 1347 1208 1408 quan·

104 1434 193 1494 quam
209 1435 363 1476 successor
383 1417 476 1477 nollet
488 1417 629 1496 accipere.
672 1419 747 1478 Haec
762 1439 808 1479 me
820 1430 934 1495 orante,
947 1422 1108 1501 respondit,
1123 1439 1157 1479 se
1168 1439 1205 1480 nc

102 1507 269 1566 teruncium
282 1507 402 1586 quidem
423 1518 628 1570 mutuaturum.
674 1510 738 1590 Ego
758 1511 846 1590 igitur
866 1514 903 1572 ab
921 1512 1088 1594 hospitibus
1108 1511 1206 1571 Tene-

103 1597 161 1658 diis
175 1600 267 1678 patris
281 1601 349 1669 mei,
365 1600 526 1660 Cleanacte
540 1611 569 1661 et
586 1602 722 1681 Eperato,
732 1611 893 1673 mutuatus,
909 1605 1005 1664 nauus
1028 1600 1205 1682 stipendium

101 1687 191 1750 solvi.
220 1689 298 1757 Quia
310 1691 386 1750 enim
401 1691 534 1751 Pasionis
548 1711 627 1754 eram
640 1694 790 1764 filiun‘cut
810 1702 841 1753 et
853 1695 1010 1772 hospitium
1023 1715 1091 1754 cum
1104 1692 1205 1754 multis

98 1789 186 1841 esset
202 1789 234 1839 et
251 1780 325 1842 lides
345 1781 374 1840 in
394 1781 511 1842 Graecia
530 1783 696 1858 haberetur,
710 1803 770 1844 non
784 1783 914 1857 deerant,
927 1787 978 1866 qui
999 1785 1070 1846 mihi
1089 1785 1203 1863 petenti

99 1881 284 1934 mutuarent.
326 1874 402 1935 Haec
415 1885 448 1934 ut
461 1893 480 1934 a
492 1895 539 1936 me
559 1895 625 1936 rere
646 1876 705 1936 dici
724 1885 850 1948 constet,
865 1878 1031 1938 testimonia
1050 1877 1131 1936 vobis
1152 1895 1204 1936 er·

101 1964 223 2025 hibebo.

516 2171 789 2234 TESTIMONIA.

142 2341 196 2400 ld.
216 2341 349 2410 Quorum
369 2340 457 2420 igitur
473 2339 640 2401 testimonia
662 2341 747 2401 robis
770 2341 909 2402 exhibere
928 2341 1074 2422 potuimus
1089 2347 1139 2427 qni
1157 2349 1202 2407 al-

103 2433 232 2505 inerunt,
245 2451 334 2510 quum
352 2451 433 2511 sepe
446 2451 550 2492 narem
573 2430 687 2512 Polycli
704 2432 822 2494 tradere
841 2435 967 2508 volui,is
990 2457 1057 2498 vero
1070 2439 1203 2520 accipere

105 2524 210 2596 noluit,
224 2543 260 2584 ea
272 2523 356 2585 vobis
369 2523 514 2603 legimus:
537 2535 679 2602 praeterea
702 2526 775 2586 satis
794 2527 896 2586 multis
917 2528 1005 2590 etiam
1024 2533 1202 2609 argumentis

104 2617 188 2676 vobis
202 2615 327 2686 ostendi,
343 2634 409 2676 eum
433 2612 463 2673 id
483 2633 645 2675 recusasse.
687 2615 806 2677 Curabo
820 2619 907 2678 etiam
921 2618 1017 2699 legem
1032 2621 1070 2681 de
1085 2641 1204 2684 sncces-

105 2707 220 2768 roribus
241 2707 323 2768 robis
346 2705 512 2784 legendam,
528 2715 562 2764 ut
582 2705 692 2778 sciatis,
714 2707 966 2785 quantismulctie
987 2713 1154 2790 propositis,
1178 2715 1204 2774 si

104 2801 171 2880 quis
193 2799 290 2860 navim
311 2799 455 2880 praefinito
474 2806 603 2876 tempore
626 2817 685 2856 non
703 2800 859 2877 acceperit,
873 2800 928 2859 iste
950 2820 1009 2860 non
1028 2821 1077 2861 me
1095 2805 1202 2876 solum,

106 2891 161 2950 sed
181 2901 213 2950 et
225 2910 278 2950 ros
293 2900 324 2950 et
336 2890 428 2968 leges,
444 2887 623 2968 despexerit,
638 2906 673 2946 ac
686 2898 829 2965 quantum
850 2890 959 2968 inipso
972 2891 1090 2970 quidem
1104 2894 1161 2952 luit
1173 2905 1204 2954 et

106 2983 272 3062 reipublice
296 2992 326 3042 et
347 2981 491 3050 sociorum
516 2989 640 3040 conatus
662 2999 764 3040 omnes
785 2980 877 3041 luisse
899 2981 994 3041 irritos
1021 2981 1203 3062 intelligatis.

107 3073 216 3155 Neque
229 3075 306 3135 enim
322 3073 360 3134 ad
380 3074 476 3133 navim
495 3071 575 3131 venit
592 3082 625 3130 nt
643 3069 711 3150 lege
725 3069 893 3151 jubebatur,
903 3091 1010 3151 neque,
1020 3068 1088 3132 cum
1106 3075 1203 3134 venis·

108 3177 163 3240 set,
181 3183 248 3226 eam
269 3166 403 3245 accipere
418 3163 528 3226 ¹voluit.
557 3163 644 3241 ligo
668 3181 736 3223 vero
759 3174 914 3249 etmeum
940 3174 971 3222 et
997 3163 1122 3244 college
1146 3169 1204 3228 mei

108 3269 225 3338 tempus
248 3257 331 3318 vobis
358 3256 434 3316 obii:
465 3267 505 3328 et,
530 3274 597 3315 eum
623 3254 805 3334 praeiecturm
833 3273 907 3315 mese
931 3264 1048 3336 tempus
1074 3258 1204 3334 exiisset,

108 3349 265 3410 mandante
285 3347 355 3430 mihi
377 3349 454 3410 duce
467 3351 505 3409 'ut
526 3347 564 3408 ad
582 3345 736 3425 Templum
760 3348 940 3426 navigarem,
951 3349 1075 3428 perduxi
1095 3353 1204 3432 popolo

108 3441 296 3514 frumentum,
323 3449 357 3500 ut
384 3441 499 3520 copiam
525 3438 667 3500 vaenalem
695 3437 852 3512 haberetis,
875 3450 906 3499 et
928 3450 1070 3526 quantum
1098 3443 1128 3504 in
1155 3465 1203 3506 me

108 3544 189 3595 esset
210 3532 281 3593 nihil
304 3531 525 3592 desideraretis:
557 3541 597 3604 et,
615 3549 808 3611 quascunque
833 3531 906 3593 alias
931 3532 1036 3594 adres
1064 3535 1127 3594 dux
1154 3537 1203 3597 sel

108 3643 156 3686 me
169 3624 294 3688 sel-mea
309 3623 418 3684 triremi
430 3623 474 3684 uti
487 3622 587 3695 voluit,
601 3632 710 3703 praesto
724 3623 779 3696 lui,
792 3642 851 3684 non
871 3624 1035 3703 sumptibus
1057 3625 1144 3686 modo
1156 3626 1202 3686 ia·

108 3718 232 3790 ciendis,
246 3717 299 3779 sed
313 3727 343 3777 et
357 3736 480 3796 corpore
493 3715 652 3798 periculum
666 3715 803 3775 adeundo
817 3734 933 3794 unaque
946 3716 1122 3795 navigando,
1133 3735 1202 3776 cum

108 3811 137 3870 in
163 3827 199 3870 eo
218 3823 281 3870 tum
305 3818 385 3870 statu
403 3829 451 3870 res
475 3827 549 3868 mese
568 3807 735 3868 domesticae
754 3818 936 3887 essentque
950 3828 1002 3868 ros
1023 3806 1124 3866 audito
1140 3807 1203 3870 iore

108 3914 209 3982 putem
222 3910 256 3961 ut
270 3901 362 3962 nostri
375 3899 571 3962 misericordia
583 3897 767 3962 moveamini.
809 3897 905 3960 Mater
925 3898 1002 3958 enim
1022 3917 1090 3957 mea
1109 3918 1202 3978 negro-

109 3997 189 4056 tabat
201 3993 417 4056 etmoribunda
429 4003 501 4066 erat,
515 4011 561 4053 me
574 3993 704 4062 absente,
719 4001 754 4050 ut
772 4010 833 4051 rem
854 4010 948 4050 meam
967 3989 1138 4051 familiarem
1151 4011 1202 4052 ex·

109 4087 243 4149 haustam
255 4107 317 4160 non
329 4088 384 4148 uisi
397 4106 499 4168 parum
512 4087 649 4167 adjuvare
667 4095 777 4165 posset.
818 4085 860 4143 Ut
877 4083 955 4144 enim
971 4093 1054 4142 sexto
1073 4082 1122 4143 die
1134 4094 1204 4163 post

110 4191 263 4260 acceptum
286 4182 424 4242 nuncium
447 4199 594 4252 veneram,
615 4177 674 4250 illa,
689 4197 736 4238 me
755 4177 862 4237 intuita
882 4187 914 4236 et
936 4174 1074 4248 allocuta,
1095 4174 1204 4238 efflavit

111 4274 248 4347 animam,
257 4293 323 4334 cum
337 4274 417 4334 bons
430 4291 484 4334 sna
493 4274 554 4353 jam
566 4272 598 4332 in
607 4279 753 4352 potestate
766 4289 826 4330 nou
839 4270 969 4342 haberet,
983 4279 1017 4328 ut
1026 4268 1097 4330 mihi
1110 4289 1204 4348 quan-

16 4361 17 4388 ³
110 4373 171 4428 tum
181 4366 272 4429 vellet
283 4366 445 4448 largiretur.
486 4364 564 4426 Nam
578 4383 657 4445 saepe
670 4363 751 4445 prius
764 4362 852 4423 etiam
871 4380 919 4423 me
935 4361 1120 4436 accemierat,
1134 4381 1203 4442 pre-
