2967 5017
461 361 506 423 tu
527 361 866 426 cunetettoltunrt.
1173 371 1209 430 71

120 517 231 596 optima
241 517 410 598 reipubllcu
429 518 554 578 concilia
574 518 646 578 daie
663 517 783 579 liceret:
806 516 911 580 deinde
931 528 966 576 ut
980 519 1043 599 Jam
1062 517 1155 600 culvia
1174 521 1215 580 ci·

120 611 209 682 vium,
228 629 282 690 pro
296 631 351 672 aua
368 614 510 689 cujuaque
529 620 628 685 aetate,
643 613 764 671 aeomim
778 621 809 672 et
821 628 874 692 per
886 609 963 670 vicea
980 611 1102 690 cingulis
1117 612 1154 671 de
1170 617 1216 672 're-

120 700 176 760 bua
190 703 344 763 sententiaa
357 702 492 762 dicendae
500 711 631 780 potestas
645 703 693 762 ait
716 703 765 763 Sic
777 702 854 763 enirn
868 701 938 761 milri
951 703 1066 763 ridetur
1076 713 1107 762 et
1115 703 1219 764 ciritea'

121 797 230 875 optime
245 798 307 878 regi
319 818 418 878 pocae,
431 809 461 860 et
473 800 674 860 contentiones
687 799 819 860 forenses
832 799 990 858 rarissimae
1001 798 1118 858 suturae.
1142 801 1220 860 Cum

122 899 282 962 antemea,
301 889 449 969 quoe'olim
462 909 609 952 conaenau
623 892 753 951 omnium
773 901 857 950 erant
869 889 1123 968 praestantissima,
1140 911 1219 950 nnnc

122 980 264 1058 abrogata
276 980 345 1054 aint,
366 1001 433 1042 cum
447 983 578 1066 nonnulli
595 982 756 1043 sententiaa
774 981 890 1060 legibus
907 983 1068 1042 renuntias
1086 1003 1147 1042 non
1164 982 1220 1043 du·

121 1071 218 1131 bitent
230 1073 417 1154 peracnbere,
442 1093 552 1153 eaeque
566 1075 615 1133 alii
629 1073 727 1152 populi
741 1071 888 1151 suffragiis
903 1072 1081 1152 permittant,
1101 1074 1219 1152 nonju-

123 1161 252 1222 atiaaima
260 1164 374 1230 ratione
386 1164 577 1242 proedrovum
590 1183 698 1222 munna
709 1165 812 1224 sortito
822 1163 932 1243 adepti,
944 1163 997 1224 sed
1005 1165 1085 1224 facta
1094 1165 1220 1224 coitione

123 1255 289 1323 comecuti3
310 1257 337 1314 ai
350 1257 414 1332 quia
427 1265 527 1314 autern
540 1274 578 1312 ex
591 1254 710 1332 reliquia
722 1256 906 1315 aenatoribus
918 1269 1023 1314 munna
1037 1255 1109 1315 illud
1120 1275 1221 1316 revera
1327 1278 1330 1284 ’

123 1345 244 1406 aortitna
255 1347 295 1405 ait
307 1355 338 1404 et
348 1345 657 1424 suffragiaveatra‘rite
665 1345 906 1424 pronuntiaverit,
918 1345 987 1404 huic
996 1346 1054 1414 isti,
1066 1347 1118 1424 qui
1129 1365 1222 1426 remp.

48 1430 50 1437 '
124 1455 184 1496 non
207 1438 269 1515 jam
290 1455 474 1496 communem
502 1437 558 1496 aed
579 1436 715 1517 privatim
742 1457 827 1499 auam
846 1437 1025 1509 existimant,
1046 1437 1223 1500 delationem

15 1524 16 1527 ’
123 1528 249 1588 nominia
262 1528 442 1601 minitentur,
461 1530 581 1590 redacta
600 1531 630 1590 in
652 1531 818 1592 servitutem
837 1530 923 1610 plebe
941 1539 972 1588 et
994 1530 1222 1592 dominationem
1337 1601 1339 1606 ¹

125 1619 181 1678 ribi
203 1620 404 1691 vendicantes,
427 1631 495 1680 cum
512 1622 623 1702 judicia
641 1643 708 1702 quar
729 1622 843 1702 legibue
865 1622 1027 1682 constituta
1045 1632 1116 1682 aunt
1136 1625 1222 1683 abro-

125 1711 231 1788 garint,
243 1731 367 1791 quaque
382 1731 419 1772 ex
432 1713 682 1790 plebiscitis-liunt
693 1713 825 1773 iracundi
839 1715 1046 1793 pronuntient:
1068 1715 1135 1775 silet
1146 1735 1223 1794 prm-

126 1804 244 1864 ‘conium
257 1803 334 1863 illud
345 1803 474 1864 omniurn
488 1825 556 1884 qnae
567 1805 599 1864 in
620 1806 692 1865 urbe
705 1816 776 1864 aunt
789 1816 819 1866 et
828 1805 1061 1885 ‘pulcherrimum
1077 1815 1108 1867 et
1124 1807 1223 1866 mode'·

126 1894 298 1967 adarimum,
325 1896 405 1976 quia
429 1896 746 1977 quinquagenario
772 1900 887 1976 major
913 1900 1126 1959 concionem
1163 1899 1221 1958 ha·
1342 1896 1348 1908 '

126 1989 214 2048 bare
252 1988 343 2060 vult,
379 1989 517 2049 deinde
546 2010 610 2070 per
646 1990 746 2058 vicea
782 1991 843 2067 qui
870 1989 933 2049 alii
962 1981 1221 2062 Athenienses,

126 2079 182 2140 aed
193 2089 342 2141 oratorum
356 2081 571 2143 immodestiam
579 2083 642 2162 jam
657 2100 753 2161 neque
765 2082 849 2160 leger
866 2101 963 2163 neque
976 2093 1113 2164 prytanea
1127 2083 1224 2162 neque

125 2172 242 2252 praedii
252 2192 349 2252 neque
361 2174 520 2254 prmaidena
531 2175 637 2248 tribua,
650 2173 765 2234 decima
778 2193 844 2254 para
857 2173 993 2249 civitatir,
1008 2184 1224 2255 porauntcoer·

127 2283 203 2324 nera.
438 2315 441 2320 .

166 2357 196 2416 ³.
218 2355 294 2414 Cum
307 2356 395 2434 igitur
407 2356 475 2416 haec
487 2356 530 2416 ita
541 2375 575 2416 ae
587 2355 777 2427 habeantne
786 2357 858 2418 talia
871 2357 942 2438 reip.
956 2359 1137 2417 obvenerunt
1149 2365 1223 2416 tem·
1319 2371 1327 2380 ⁸

126 2465 209 2526 pora,
221 2447 321 2524 qualia
333 2465 387 2506 roa
395 2466 463 2506 erae
473 2447 530 2525 ipsi
543 2448 713 2528 intelligitis,
722 2468 784 2510 una
797 2449 894 2510 adhuc
909 2467 976 2528 para
989 2443 1101 2528 imperii
1115 2448 1226 2528 reliqua

127 2548 185 2611 eet,
199 2538 308 2616 siquid
320 2537 409 2596 modo
423 2557 481 2616 ego
494 2539 637 2618 intelligo,
646 2541 824 2618 judiciorum
837 2541 875 2600 de
890 2540 1016 2601 decretis
1031 2550 1134 2601 contra
1144 2541 1226 2619 leges

126 2629 213 2690 factio
226 2629 386 2688 oiadr'cutio.
412 2629 503 2694 Quod
515 2630 540 2689 ai
550 2630 618 2689 haec
630 2651 748 2708 quoque
762 2631 870 2691 tolletis
883 2631 929 2691 vel
942 2632 977 2690 iia
993 2633 1041 2712 qui
1055 2633 1159 2693 tollere
1173 2651 1224 2693 co·
1290 2621 1305 2637 ⁸
1329 2647 1336 2652 ·

127 2733 237 2784 nantnr
244 2721 430 2807 permittetis,
438 2720 567 2800 praedico
575 2721 659 2782 vobio
667 2723 729 2783 iore
737 2733 771 2782 ut
779 2723 919 2802 paulatim
929 2722 1072 2782 univerae
1079 2725 1152 2803 reip.
1164 2733 1226 2784 ata·

128 2823 190 2874 tum
209 2815 297 2875 certia
313 2812 479 2873 hominibus
492 2813 692 2893 imprudenter
705 2815 887 2874 concedatis.
919 2813 1015 2874 Probe
1029 2813 1106 2873 enim
1119 2814 1224 2884 nostia,

65 2935 70 2940 ·
130 2905 336 2978 Athenienses,
345 2905 402 2965 tria
414 2925 481 2966 aare
493 2906 573 2985 apud
581 2925 683 2965 omnen
691 2905 824 2966 homines
835 2906 907 2984 reip.
925 2904 1163 2966 administrandae
1175 2923 1227 2986 gc-

126 3018 218 3079 nera:
228 2998 333 3071 Unius,
346 2997 523 3070 Paucorum,
533 3007 565 3057 et
577 2997 681 3078 Populi
691 2998 895 3077 principatum.
915 2996 961 3056 Ac
973 2987 1096 3076 reg-mim
1105 2997 1225 3077 quidem

128 3103 349 3171 paucorumque
368 3089 537 3150 dominatur
558 3109 659 3150 eorum
673 3089 723 3166 qni
737 3087 869 3169 praeeunt
886 3087 1126 3151 administrantur
1149 3086 1232 3172 arbi-¹

127 3183 201 3249 trior
212 3175 311 3240 liberm
320 3199 390 3240 vero
398 3182 531 3241 civitates
541 3181 626 3242 atatis
635 3181 749 3259 legibus
761 3183 956 3256 obtemperant.
976 3173 1129 3240 Neminem
1137 3179 1227 3258 igitur

128 3283 257 3334 vestrum
265 3271 323 3331 hoc
336 3271 437 3343 lateat,
446 3275 499 3334 aed
513 3275 602 3352 plane
615 3272 690 3332 aciat
699 3271 910 3349 unmquieque,
926 3289 968 3344 re,
983 3271 1092 3350 eoipeo
1107 3272 1155 3332 die
1167 3291 1226 3352 quo

128 3366 224 3426 foram
243 3361 384 3440 judiciale
396 3363 559 3440 ingreditur
571 3364 715 3422 actionem
737 3361 775 3422 de
788 3361 915 3420 decretis
930 3355 1033 3422 contra
1044 3361 1127 3440 leges
1142 3362 1227 3424 factia

130 3457 360 3533 disceptaturus,
383 3453 421 3511 de
441 3454 596 3512 anaetiam
619 3452 709 3531 ipsine
724 3453 843 3512 dicendi
864 3454 998 3513 libertate
1017 3453 1144 3514 laturum
1162 3473 1227 3514 erre

129 3547 317 3612 uertentium.
347 3545 462 3605 ldcirco
482 3555 513 3605 et
533 3544 697 3624 legislator
712 3547 837 3625 primunr
860 3547 919 3608 hoc
933 3545 1031 3624 posuit
1053 3545 1083 3603 in
1093 3545 1228 3625 judicum
1344 3600 1353 3606 .

125 3639 328 3723 jurejurando,
358 3638 601 3698 sententiam
629 3638 751 3698 teram
779 3636 985 3702 secundum
1011 3637 1126 3716 leges,
1153 3637 1228 3696 illud

130 3733 266 3794 nimirum
287 3749 341 3810 pro
362 3739 514 3809 comperto
535 3729 647 3801 habuit,
669 3729 849 3789 conservatis
869 3729 940 3807 reip.
966 3727 1091 3808 legibue,
1114 3727 1229 3789 salvum

131 3823 220 3885 airnnl
233 3842 299 3883 erac
312 3821 465 3902 imperium
477 3821 628 3901 populare.
653 3821 729 3887 Qure
741 3819 860 3900 quidem
873 3837 927 3878 voa
940 3821 1080 3879 memoria
1094 3829 1228 3880 tenentes

131 3923 249 3996 oportet
265 3933 315 3977 eoa
337 3914 388 3993 qui
409 3913 529 3972 decreta
548 3911 681 3973 scribunt
698 3912 813 3992 legibue
837 3911 981 3972 contraria
1003 3913 1111 3982 odisse,
1132 3931 1229 3992 neque

130 4010 226 4070 nllum
240 4007 408 4088 hujusmodi
421 4007 533 4068 crimen
545 4007 621 4081 leve,
635 4007 687 4066 aed
703 4005 906 4086 gravissimum
921 4023 986 4064 aare
1001 4004 1230 4082 unumquodque

132 4099 275 4170 arbitrari,
290 4099 416 4176 denique
440 4097 497 4157 hoc
510 4098 563 4178 juo
585 4097 730 4158 neminem
749 4095 913 4155 mortalium
926 4095 1009 4156 vobis
1023 4095 1084 4175 pati
1105 4090 1228 4175 cripere,

44 4193 56 4201 ⁸
133 4193 326 4268 '‘P'‘fflfflel
337 4191 543 4270 imperatorum
556 4189 736 4272 patrociniis,
750 4187 925 4268 quijamdiu
936 4187 1097 4249 oratoribus
1107 4187 1228 4266 quibua·
1349 4220 1354 4228 ·

134 4284 203 4344 dam
217 4283 367 4363 adjutorea
379 4281 482 4345 adaciti
496 4303 589 4364 remp.
603 4282 793 4354 labefactant,
808 4290 839 4340 et
850 4281 999 4360 hospitum
1019 4279 1230 4359 deprecationi·
1358 4277 1360 4294 ²

132 4376 317 4454 bna‚quibua
328 4375 417 4455 aliqui
429 4377 624 4438 aubomatiae
632 4375 753 4456 jndiciia
767 4373 922 4454 effugiunt,
937 4391 1003 4435 cum
1023 4374 1139 4454 legibue
1156 4393 1227 4435 con·

134 4469 252 4530 menam
267 4476 427 4546 reqnmtn
438 4469 608 4549 reipublicae
628 4466 768 4546 gerenda
782 4463 944 4529 rationem:
966 4465 1019 4528 aed
1037 4464 1228 4548 quemadmo·
1347 4483 1351 4492 ’
