2967 5017
563 343 782 406 EPISTOLAE.
922 383 924 388 -
1161 343 1220 403 13³

126 499 344 580 septuagesimo
356 499 506 580 navigavit
518 517 644 573 mecum,
661 501 809 581 particeps
822 500 920 560 lutura
938 497 1059 560 inflicto
1077 497 1148 560 mihi
1167 517 1221 582 per

125 610 178 652 vos
191 584 383 662 calamitatis}
405 601 437 653 ct
456 612 525 654 cum
538 611 639 666 uxore,
657 613 725 672 qua
744 612 805 653 una
818 611 931 654 mecum
946 611 985 654 ex
997 593 1070 654 urbe
1084 593 1220 666 mutauit,

124 684 297 764 prohibente
310 704 375 746 eam
390 695 483 766 patre,
492 695 525 745 et
530 685 647 766 legibus
660 686 786 748 fortasse
799 705 918 746 manere
930 687 1115 767 cogentibus,
1126 686 1221 768 magia

125 797 219 856 guara
231 798 345 840 morum
365 779 501 853 civitatis,
514 799 604 860 quam
617 780 734 860 legum
757 790 869 841 etcum
890 780 982 842 tribus
995 780 1103 856 liberis,
1115 781 1165 860 qui
1182 801 1221 844 na
1254 794 1260 814 ¹

126 890 207 932 nunc
224 871 344 952 quidem
365 891 449 934 suam
471 871 669 934 calamitatum
689 869 867 952 intelligunt,
888 893 943 934 nec
962 872 1079 954 qualem
1099 873 1155 935 sibi
1168 893 1220 936 na·
1352 939 1355 944 ,

125 964 275 1024 ruentibus
285 965 409 1045 patriam
417 965 458 1026 dii
467 963 604 1026 dederint
610 963 834 1027 Atheniensium
847 965 1005 1040 civitatem,
1015 977 1047 1050 et
1054 965 1144 1048 quali,
1159 975 1221 1030 sta·

25 1114 26 1121 ,
124 1056 177 1118 um
187 1066 221 1118 ut
232 1059 295 1120 nati
306 1059 434 1133 lauant,
448 1058 589 1120 sinturbe
602 1057 716 1139 privati.
736 1059 784 1120 Ao
797 1058 985 1139 aliquidem,
997 1059 1136 1134 atriden,
1150 1079 1221 1122 auos

125 1149 232 1212 liberos
243 1152 289 1212 uel
298 1153 330 1212 iu
344 1150 459 1212 Boeotia
470 1150 518 1211 sal
531 1151 563 1210 in
583 1151 694 1212 AEtolia
711 1161 797 1212 natos
817 1151 923 1218 advos
937 1151 1064 1225 mittunt,
1077 1162 1113 1212 ut
1123 1161 1223 1216 restra

126 1241 283 1324 disciplina
300 1243 489 1304 erudiantur:
511 1243 617 1324 quibus
630 1263 699 1304 vero
719 1245 785 1304 lroec
804 1252 941 1305 enatura
962 1245 1072 1306 tributa
1092 1246 1220 1320 luerunt,
1337 1237 1341 1244 ⁴

124 1351 193 1394 cum
215 1336 306 1416 patrus
318 1320 501 1408 essent‘uon
520 1337 620 1418 pupuli
640 1335 827 1412 beneficiola
839 1335 940 1396 urbem
954 1335 1105 1417 adsumpti,
1119 1347 1171 1400 aut
1183 1339 1222 1400 ob

88 1431 91 1435 ’
125 1429 223 1508 turpia
234 1427 366 1490 facinora
377 1428 576 1505 condemnati,
595 1430 627 1492 hi
640 1429 780 1490 exsulant
799 1429 898 1491 adhuc
911 1429 1047 1503 irrlanles,
1061 1441 1092 1492 et
1104 1431 1135 1491 in
1147 1451 1222 1512 pau-

24 1537 28 1549 ·
126 1531 239 1600 pertore
258 1521 432 1596 educantur,
445 1522 475 1582 in
489 1523 645 1584 solitudine
658 1534 689 1583 et
703 1521 809 1584 exsilio
821 1532 954 1604 paterno.
985 1523 1029 1584 Ac
1042 1521 1081 1582 de
1095 1523 1222 1604 Lycurgi

124 1612 223 1674 liberis
232 1614 272 1675 asl
284 1634 338 1676 voa
351 1614 452 1676 scribit
464 1615 695 1690 Demosthenes,
709 1626 741 1677 et
752 1624 833 1676 recta
846 1615 926 1689 facit,
939 1614 991 1695 qui
1010 1625 1165 1695 paternum
1179 1617 1222 1677 ela

95 1708 102 1719 '
126 1704 258 1766 debitum
272 1708 433 1770 condonari
445 1719 536 1788 petat,
550 1717 581 1768 et
591 1727 645 1769 uos
658 1709 729 1768 nihil
745 1708 826 1770 aliud
839 1708 941 1788 egialia
962 1705 1017 1768 nisi
1030 1709 1109 1788 quod
1130 1706 1222 1768 Athe·

127 1799 245 1861 nienses
255 1801 391 1873 decebat,
401 1821 437 1862 ac
449 1800 561 1863 miserti
576 1821 675 1883 eorum
697 1801 1019 1864 condonastis-vestri
1042 1802 1120 1862 enim
1134 1801 1223 1862 moris

126 1901 181 1964 est,
197 1893 283 1954 lacile
296 1905 327 1956 et
338 1893 423 1955 irasci
443 1904 474 1954 et
485 1893 580 1955 redire
593 1897 624 1956 in
637 1895 822 1975 grecam-2
846 1913 903 1974 ego
916 1912 985 1954 veru
998 1893 1112 1955 euobis
1129 1895 1223 1978 imps-

127 1995 205 2044 trare
215 2005 276 2047 non
288 1998 400 2066 potero,
409 1987 434 2048 si
447 2006 501 2066 pro
511 1987 584 2048 meis
594 2007 687 2062 orem,
700 2007 761 2049 non
774 1987 864 2048 modo
873 2007 911 2047 ua
920 1987 950 2046 in
960 1985 1085 2062 orbitate
1096 1986 1224 2066 alantur,

39 2079 48 2094 ⁸
127 2077 180 2138 sed
199 2097 238 2138 na
255 2081 342 2140 simul
360 2090 392 2140 et
410 2068 473 2140 or'bi
494 2078 555 2140 sint
567 2088 597 2140 ct
616 2079 743 2154 exsules,
757 2099 825 2141 cum
838 2079 908 2141 nihil
931 2078 1093 2160 peccarint,
1115 2080 1224 2162 quippe

25 2170 26 2173 ’
126 2166 220 2249 pueri,
239 2191 336 2252 neque
349 2173 408 2232 alia
421 2171 533 2233 rationo
550 2173 610 2232 sint
625 2172 825 2246 condemnati,
843 2181 874 2231 et
893 2171 1024 2252 perpessi
1047 2181 1147 2232 tamen
1160 2192 1224 2234 om·

127 2262 253 2342 niaqura
262 2264 466 2325 condemnatis
479 2283 535 2324 usu
550 2262 682 2325 ueniunt.
701 2261 834 2323 'l'andem
844 2261 1038 2322 recordamini
1051 2265 1118 2338 mei,
1131 2263 1224 2325 Athe-

125 2355 255 2434 nienses,
271 2367 301 2416 et
314 2358 452 2437 precdiua
462 2356 535 2418 meis
546 2356 674 2438 benigne
686 2355 786 2415 locum
798 2354 878 2425 date,
889 2374 969 2440 nunc
978 2355 1072 2416 nostli
1085 2355 1226 2420 rationem

127 2447 279 2507 habentes.
310 2448 399 2526 Agite
411 2468 492 2526 ergo,
502 2449 709 2518 Athenienses,
724 2447 879 2510 concedite
893 2466 940 2520 eu,
953 2466 1020 2526 qum
1033 2449 1123 2508 vestri
1136 2449 1227 2510 moria

128 2549 208 2613 sunt,
222 2548 254 2599 et
272 2539 473 2600 moderatione
496 2539 622 2599 utimini.
651 2541 756 2616 Neque
770 2559 788 2598 a
808 2539 912 2600 vestris
926 2538 1055 2600 moribus
1068 2540 1224 2615 recedetis,

71 2687 73 2693 .
125 2629 1226 2712 nequegloriamvestramdeamuetia,quamhonitatisethumanitatiauo-

127 2727 216 2799 mine,
236 2724 374 2805 malorem
386 2741 476 2801 quarn
497 2732 604 2782 oeterar
621 2723 710 2781 urbes
731 2739 844 2796 omues,
858 2721 931 2782 estis
945 2724 1109 2794 consecuti,
1132 2743 1228 2804 neque

126 2819 195 2900 plna
212 2817 309 2878 valam
322 2813 508 2895 Melauopus‚
522 2813 573 2893 qui
591 2815 675 2874 robis
689 2815 797 2888 obstat,
811 2813 983 2892 quominus
996 2824 1122 2874 vestram
1140 2817 1226 2878 bonl-

128 2920 218 2973 tatem
242 2904 274 2970 et
293 2907 505 2969 humanitatem
521 2905 685 2980 imitemini,
697 2925 786 2985 quam
800 2907 850 2984 qui
871 2925 924 2966 vos
945 2905 1128 2981 adhortatur,
1149 2919 1181 2968 et
1200 2911 1226 2972 is

71 3063 74 3069 ,
127 3003 246 3082 quidem
259 3020 320 3062 nun
333 2999 714 3079 mischinus—nequaquam
727 2997 842 3058 medius
855 2997 953 3070 lidius,
968 3018 1064 3079 neque
1077 3001 1156 3061 enim
1168 3021 1225 3082 ego

127 3096 199 3158 satis
209 3094 375 3181 aut'virium
388 3103 440 3154 aut
453 3092 598 3154 facundius
607 3091 714 3165 habeo,
727 3091 767 3153 ad
780 3090 1017 3172 persuadendum
1028 3093 1131 3173 patria
1141 3112 1226 3170 mee,

98 3180 100 3183 ’
129 3186 291 3269 prasertim
309 3206 378 3247 cum
397 3205 478 3246 nuno
491 3203 587 3246 meam
611 3203 734 3246 musam
754 3203 843 3264 agere
864 3183 1012 3258 videar-,
1026 3184 1082 3245 sed
1101 3185 1227 3246 civitatis

128 3301 204 3360 moa,
221 3291 253 3340 et
264 3279 417 3358 antiquum
429 3289 556 3339 vestrum
580 3296 700 3351 nomen,
720 3285 752 3336 et
772 3277 916 3356 majorum
929 3277 1122 3339 consuetudo.
1150 3279 1227 3344 Quae

120 3369 221 3454 'pluris
243 3370 379 3432 facienda
391 3379 436 3430 ost
455 3369 577 3441 sedicet
591 3388 679 3448 quam
694 3368 882 3448 Melanopus,
895 3368 945 3448 qui
963 3388 999 3430 ea
1020 3369 1135 3450 flagitat
1156 3388 1223 3450 qum

129 3467 297 3540 vobisaunt
314 3465 463 3524 indecora.
1040 3457 1041 3460 ’

497 3634 665 3678 ΕΕΟΗΙΜΒ
693 3633 858 3676 otta'roms

600 3775 738 3818 ornam«

432 3919 763 3961 ruunmrauloma
787 3917 921 3961 LATlNAE

606 4082 750 4144 FlNIS.

625 4421 1110 4441 —m—-mm

271 4453 371 4506 hudini
380 4424 557 4516 imprimslratl.
569 4451 597 4502 1².
607 4449 723 4509 Dormio
734 4451 795 4500 Arca
806 4463 858 4513 qum
868 4459 905 4500 sat
916 4449 973 4501 nivi
985 4451 1091 4502 loannis.
