<?xml version="1.0" encoding="UTF-8"?>
<!DOCTYPE html PUBLIC "-//W3C//DTD XHTML 1.0 Transitional//EN"
    "http://www.w3.org/TR/xhtml1/DTD/xhtml1-transitional.dtd">
<html xmlns="http://www.w3.org/1999/xhtml" xml:lang="en" lang="en">
 <head>
  <title>
</title>
<meta http-equiv="Content-Type" content="text/html;charset=utf-8" />
  <meta name='ocr-system' content='tesseract 3.04.00' />
  <meta name='ocr-capabilities' content='ocr_page ocr_carea ocr_par ocr_line ocrx_word'/>
</head>
<body>
  <div class='ocr_page' id='page_1' title='image "./oratoresatticie00dupogoog_0067.png"; bbox 0 0 2967 5017; ppageno 0'>
   <div class='ocr_carea' id='block_1_1' title="bbox 394 353 1228 418">
    <p class='ocr_par' dir='ltr' id='par_1_1' title="bbox 394 353 1228 418">
     <span class='ocr_line' id='line_1_1' title="bbox 394 353 1228 418; baseline 0.005 -6"><span class='ocrx_word' id='word_1_1' title='bbox 394 355 623 418; x_wconf 68' lang='lat' dir='ltr'>ADVERSUS</span> <span class='ocrx_word' id='word_1_2' title='bbox 642 353 956 418; x_wconf 70' lang='lat' dir='ltr'>PAN&#39;tAEttlth.</span> <span class='ocrx_word' id='word_1_3' title='bbox 1152 353 1228 416; x_wconf 68' lang='lat' dir='ltr'>&lt;aaa</span> 
     </span>
    </p>
   </div>
   <div class='ocr_carea' id='block_1_2' title="bbox 116 509 1360 1051">
    <p class='ocr_par' dir='ltr' id='par_1_2' title="bbox 116 509 1360 1051">
     <span class='ocr_line' id='line_1_2' title="bbox 118 509 1226 593; baseline 0.005 -30"><span class='ocrx_word' id='word_1_4' title='bbox 118 515 214 564; x_wconf 71' lang='lat' dir='ltr'>tuum</span> <span class='ocrx_word' id='word_1_5' title='bbox 234 509 407 588; x_wconf 85' lang='lat' dir='ltr'>accepen&#39;m,</span> <span class='ocrx_word' id='word_1_6' title='bbox 427 529 487 572; x_wconf 86' lang='lat' dir='ltr'>uon</span> <span class='ocrx_word' id='word_1_7' title='bbox 505 512 572 593; x_wconf 89' lang='lat' dir='ltr'>ipse</span> <span class='ocrx_word' id='word_1_8' title='bbox 594 511 689 574; x_wconf 79' lang='lat' dir='ltr'>solum</span> <span class='ocrx_word' id='word_1_9' title='bbox 713 512 760 572; x_wconf 87' lang='lat' dir='ltr'>isti</span> <span class='ocrx_word' id='word_1_10' title='bbox 781 523 917 573; x_wconf 83' lang='lat' dir='ltr'>mumnm</span> <span class='ocrx_word' id='word_1_11' title='bbox 931 509 1085 583; x_wconf 64' lang='lat' dir='ltr'>dederim·</span> <span class='ocrx_word' id='word_1_12' title='bbox 1099 529 1140 570; x_wconf 85' lang='lat' dir='ltr'>ns</span> <span class='ocrx_word' id='word_1_13' title='bbox 1153 510 1226 588; x_wconf 87' lang='lat' dir='ltr'>:ipse</span> 
     </span>
     <span class='ocr_line' id='line_1_3' title="bbox 116 593 1225 680; baseline 0.006 -26"><span class='ocrx_word' id='word_1_14' title='bbox 116 593 249 672; x_wconf 82' lang='lat' dir='ltr'>-qnidern</span> <span class='ocrx_word' id='word_1_15' title='bbox 271 600 343 659; x_wconf 89' lang='lat' dir='ltr'>istos</span> <span class='ocrx_word' id='word_1_16' title='bbox 350 599 460 680; x_wconf 81' lang='lat' dir='ltr'>ignoro</span> <span class='ocrx_word' id='word_1_17' title='bbox 482 613 534 664; x_wconf 86' lang='lat' dir='ltr'>ant</span> <span class='ocrx_word' id='word_1_18' title='bbox 550 623 637 665; x_wconf 78' lang='lat' dir='ltr'>arno:</span> <span class='ocrx_word' id='word_1_19' title='bbox 658 623 715 664; x_wconf 90' lang='lat' dir='ltr'>neo</span> <span class='ocrx_word' id='word_1_20' title='bbox 731 613 845 676; x_wconf 86' lang='lat' dir='ltr'>tamen,</span> <span class='ocrx_word' id='word_1_21' title='bbox 866 604 909 663; x_wconf 85' lang='lat' dir='ltr'>ita</span> <span class='ocrx_word' id='word_1_22' title='bbox 926 619 974 662; x_wconf 87' lang='lat' dir='ltr'>me</span> <span class='ocrx_word' id='word_1_23' title='bbox 994 601 1034 662; x_wconf 93' lang='lat' dir='ltr'>dii</span> <span class='ocrx_word' id='word_1_24' title='bbox 1051 612 1160 672; x_wconf 83' lang='lat' dir='ltr'>ament,</span> <span class='ocrx_word' id='word_1_25' title='bbox 1173 601 1225 661; x_wconf 87' lang='lat' dir='ltr'>dc·</span> 
     </span>
     <span class='ocr_line' id='line_1_4' title="bbox 128 687 1360 774; baseline 0.005 -27"><span class='ocrx_word' id='word_1_26' title='bbox 128 687 233 749; x_wconf 77' lang='lat' dir='ltr'>frando</span> <span class='ocrx_word' id='word_1_27' title='bbox 246 701 296 752; x_wconf 82' lang='lat' dir='ltr'>sut</span> <span class='ocrx_word' id='word_1_28' title='bbox 309 692 479 756; x_wconf 85' lang='lat' dir='ltr'>calumnior.</span> <span class='ocrx_word' id='word_1_29' title='bbox 521 698 580 766; x_wconf 85' lang='lat' dir='ltr'>Qui</span> <span class='ocrx_word' id='word_1_30' title='bbox 598 715 667 756; x_wconf 87' lang='lat' dir='ltr'>vero</span> <span class='ocrx_word' id='word_1_31' title='bbox 680 706 827 774; x_wconf 70' lang='lat' dir='ltr'>quaestum</span> <span class='ocrx_word' id='word_1_32' title='bbox 846 695 929 767; x_wconf 82' lang='lat' dir='ltr'>lacit,</span> <span class='ocrx_word' id='word_1_33' title='bbox 941 707 974 753; x_wconf 90' lang='lat' dir='ltr'>ut</span> <span class='ocrx_word' id='word_1_34' title='bbox 989 713 1047 774; x_wconf 77' lang='lat' dir='ltr'>ego</span> <span class='ocrx_word' id='word_1_35' title='bbox 1058 694 1225 772; x_wconf 74' lang='lat' dir='ltr'><strong>navigando</strong></span> <span class='ocrx_word' id='word_1_36' title='bbox 1354 717 1360 726; x_wconf 87' lang='lat'><strong>·</strong></span> 
     </span>
     <span class='ocr_line' id='line_1_5' title="bbox 126 781 1226 868; baseline 0.005 -30"><span class='ocrx_word' id='word_1_37' title='bbox 126 785 158 838; x_wconf 87' lang='lat' dir='ltr'>el</span> <span class='ocrx_word' id='word_1_38' title='bbox 172 781 302 858; x_wconf 83' lang='lat' dir='ltr'>pericula</span> <span class='ocrx_word' id='word_1_39' title='bbox 322 786 483 860; x_wconf 86' lang='lat' dir='ltr'>subeundo,</span> <span class='ocrx_word' id='word_1_40' title='bbox 497 807 644 868; x_wconf 81' lang='lat' dir='ltr'>parvaque</span> <span class='ocrx_word' id='word_1_41' title='bbox 655 789 783 867; x_wconf 57' lang='lat' dir='ltr'>munia</span> <span class='ocrx_word' id='word_1_42' title='bbox 798 797 885 868; x_wconf 84' lang='lat' dir='ltr'>parta</span> <span class='ocrx_word' id='word_1_43' title='bbox 895 805 960 847; x_wconf 69' lang='lat' dir='ltr'>mm</span> <span class='ocrx_word' id='word_1_44' title='bbox 973 796 1099 858; x_wconf 88' lang='lat' dir='ltr'>mutuat,</span> <span class='ocrx_word' id='word_1_45' title='bbox 1111 805 1178 846; x_wconf 85' lang='lat' dir='ltr'>cum</span> <span class='ocrx_word' id='word_1_46' title='bbox 1192 795 1226 844; x_wconf 90' lang='lat' dir='ltr'>nt</span> 
     </span>
     <span class='ocr_line' id='line_1_6' title="bbox 116 869 1224 960; baseline 0.005 -30"><span class='ocrx_word' id='word_1_47' title='bbox 116 869 191 931; x_wconf 70' lang='lat' dir='ltr'>mn·</span> <span class='ocrx_word' id='word_1_48' title='bbox 204 874 387 951; x_wconf 75' lang='lat' dir='ltr'>gratificetur</span> <span class='ocrx_word' id='word_1_49' title='bbox 403 888 465 938; x_wconf 89' lang='lat' dir='ltr'>tum</span> <span class='ocrx_word' id='word_1_50' title='bbox 484 899 522 940; x_wconf 87' lang='lat' dir='ltr'>ne</span> <span class='ocrx_word' id='word_1_51' title='bbox 537 899 596 960; x_wconf 84' lang='lat' dir='ltr'>per</span> <span class='ocrx_word' id='word_1_52' title='bbox 613 879 756 940; x_wconf 86' lang='lat' dir='ltr'>incuriam</span> <span class='ocrx_word' id='word_1_53' title='bbox 778 897 913 938; x_wconf 86' lang='lat' dir='ltr'>nummos</span> <span class='ocrx_word' id='word_1_54' title='bbox 926 877 1076 958; x_wconf 70' lang='lat' dir='ltr'>dilapidet,</span> <span class='ocrx_word' id='word_1_55' title='bbox 1091 895 1159 936; x_wconf 92' lang='lat' dir='ltr'>eum</span> <span class='ocrx_word' id='word_1_56' title='bbox 1171 896 1224 936; x_wconf 90' lang='lat' dir='ltr'>cnr</span> 
     </span>
     <span class='ocr_line' id='line_1_7' title="bbox 116 959 1224 1051; baseline 0.004 -29"><span class='ocrx_word' id='word_1_57' title='bbox 116 959 158 1022; x_wconf 81' lang='lat' dir='ltr'>:in</span> <span class='ocrx_word' id='word_1_58' title='bbox 178 963 294 1029; x_wconf 81' lang='lat' dir='ltr'>illorum</span> <span class='ocrx_word' id='word_1_59' title='bbox 317 988 437 1030; x_wconf 87' lang='lat' dir='ltr'>numero</span> <span class='ocrx_word' id='word_1_60' title='bbox 455 971 610 1051; x_wconf 79' lang='lat' dir='ltr'>quisquam</span> <span class='ocrx_word' id='word_1_61' title='bbox 629 970 771 1050; x_wconf 68' lang='lat' dir='ltr'>reponat?</span> <span class='ocrx_word' id='word_1_62' title='bbox 798 969 864 1030; x_wconf 75' lang='lat' dir='ltr'>Nm</span> <span class='ocrx_word' id='word_1_63' title='bbox 883 969 957 1029; x_wconf 85' lang='lat' dir='ltr'>illu&#39;d</span> <span class='ocrx_word' id='word_1_64' title='bbox 977 969 1054 1029; x_wconf 84' lang='lat' dir='ltr'>l&#39;orte</span> <span class='ocrx_word' id='word_1_65' title='bbox 1067 969 1160 1041; x_wconf 83' lang='lat' dir='ltr'>dicas,</span> <span class='ocrx_word' id='word_1_66' title='bbox 1173 968 1224 1048; x_wconf 94' lang='lat' dir='ltr'>qui</span> 
     </span>
    </p>
   </div>
   <div class='ocr_carea' id='block_1_3' title="bbox 115 1053 1225 1318">
    <p class='ocr_par' dir='ltr' id='par_1_3' title="bbox 115 1053 1225 1318">
     <span class='ocr_line' id='line_1_8' title="bbox 126 1053 1225 1143; baseline 0.006 -30"><span class='ocrx_word' id='word_1_67' title='bbox 126 1053 181 1114; x_wconf 86' lang='lat' dir='ltr'>tibi</span> <span class='ocrx_word' id='word_1_68' title='bbox 197 1059 345 1132; x_wconf 75' lang='lat' dir='ltr'>mutuant,</span> <span class='ocrx_word' id='word_1_69' title='bbox 361 1079 428 1120; x_wconf 89' lang='lat' dir='ltr'>eum</span> <span class='ocrx_word' id='word_1_70' title='bbox 443 1061 511 1124; x_wconf 91' lang='lat' dir='ltr'>odio</span> <span class='ocrx_word' id='word_1_71' title='bbox 530 1063 648 1143; x_wconf 88' lang='lat' dir='ltr'>publico</span> <span class='ocrx_word' id='word_1_72' title='bbox 661 1081 734 1122; x_wconf 83' lang='lat' dir='ltr'>:esse</span> <span class='ocrx_word' id='word_1_73' title='bbox 755 1062 888 1141; x_wconf 74' lang='lat' dir='ltr'>dignum.</span> <span class='ocrx_word' id='word_1_74' title='bbox 927 1059 1122 1121; x_wconf 62' lang='lat' dir='ltr'>naamathi</span> <span class='ocrx_word' id='word_1_75' title='bbox 1142 1061 1225 1121; x_wconf 88' lang='lat' dir='ltr'>testi·</span> 
     </span>
     <span class='ocr_line' id='line_1_9' title="bbox 115 1147 1224 1318; baseline 0.004 -109"><span class='ocrx_word' id='word_1_76' title='bbox 115 1147 341 1318; x_wconf 38' lang='lat' dir='ltr'>qaqqiggqqplis</span> <span class='ocrx_word' id='word_1_77' title='bbox 361 1153 391 1213; x_wconf 94' lang='lat' dir='ltr'>in</span> <span class='ocrx_word' id='word_1_78' title='bbox 413 1172 468 1228; x_wconf 86' lang='lat' dir='ltr'>eos¹</span> <span class='ocrx_word' id='word_1_79' title='bbox 483 1155 537 1214; x_wconf 87' lang='lat' dir='ltr'>sim</span> <span class='ocrx_word' id='word_1_80' title='bbox 561 1153 610 1235; x_wconf 90' lang='lat' dir='ltr'>qui</span> <span class='ocrx_word' id='word_1_81' title='bbox 631 1173 744 1214; x_wconf 78' lang='lat' dir='ltr'>meatim</span> <span class='ocrx_word' id='word_1_82' title='bbox 762 1153 946 1214; x_wconf 82' lang='lat' dir='ltr'>contrahunt</span> <span class='ocrx_word' id='word_1_83' title='bbox 964 1171 1110 1234; x_wconf 84' lang='lat' dir='ltr'>opemque</span> <span class='ocrx_word' id='word_1_84' title='bbox 1129 1171 1224 1272; x_wconf 81' lang='lat' dir='ltr'>meam</span> 
     </span>
    </p>
   </div>
   <div class='ocr_carea' id='block_1_4' title="bbox 539 1457 918 1520">
    <p class='ocr_par' dir='ltr' id='par_1_4' title="bbox 539 1457 918 1520">
     <span class='ocr_line' id='line_1_10' title="bbox 539 1457 918 1520; baseline 0.013 -5"><span class='ocrx_word' id='word_1_85' title='bbox 539 1457 806 1520; x_wconf 82' lang='lat' dir='ltr'><strong>TESTIMONIA.</strong></span> <span class='ocrx_word' id='word_1_86' title='bbox 912 1494 918 1502; x_wconf 55' lang='grc'><em>’</em></span> 
     </span>
    </p>
   </div>
   <div class='ocr_carea' id='block_1_5' title="bbox 122 1551 1222 1764">
    <p class='ocr_par' dir='ltr' id='par_1_5' title="bbox 122 1551 1222 1764">
     <span class='ocr_line' id='line_1_11' title="bbox 124 1551 1222 1678; baseline 0.003 -25"><span class='ocrx_word' id='word_1_87' title='bbox 124 1591 221 1665; x_wconf 82' lang='lat' dir='ltr'>Talis,</span> <span class='ocrx_word' id='word_1_88' title='bbox 236 1595 420 1669; x_wconf 74' lang='lat' dir='ltr'>Pantaenete,</span> <span class='ocrx_word' id='word_1_89' title='bbox 434 1619 499 1659; x_wconf 90' lang='lat' dir='ltr'>sum</span> <span class='ocrx_word' id='word_1_90' title='bbox 520 1617 577 1678; x_wconf 74' lang='lat' dir='ltr'>ego</span> <span class='ocrx_word' id='word_1_91' title='bbox 593 1599 642 1660; x_wconf 92' lang='lat' dir='ltr'>ille</span> <span class='ocrx_word' id='word_1_92' title='bbox 656 1600 789 1660; x_wconf 80' lang='lat' dir='ltr'>celeriter</span> <span class='ocrx_word' id='word_1_93' title='bbox 802 1599 964 1672; x_wconf 75' lang='lat' dir='ltr'>ambulem,</span> <span class='ocrx_word' id='word_1_94' title='bbox 977 1609 1008 1660; x_wconf 87' lang='lat' dir='ltr'>et</span> <span class='ocrx_word' id='word_1_95' title='bbox 1024 1598 1094 1658; x_wconf 86' lang='lat' dir='ltr'>talis</span> <span class='ocrx_word' id='word_1_96' title='bbox 1116 1609 1150 1658; x_wconf 88' lang='lat' dir='ltr'>tn</span> <span class='ocrx_word' id='word_1_97' title='bbox 1167 1551 1222 1678; x_wconf 24' lang='lat' dir='ltr'>&#39;qui</span> 
     </span>
     <span class='ocr_line' id='line_1_12' title="bbox 122 1685 444 1764; baseline 0.006 -18"><span class='ocrx_word' id='word_1_98' title='bbox 122 1685 305 1764; x_wconf 76' lang='lat' dir='ltr'>pedetentim</span> <span class='ocrx_word' id='word_1_99' title='bbox 321 1687 444 1748; x_wconf 82' lang='lat' dir='ltr'>incedis.</span> 
     </span>
    </p>
   </div>
   <div class='ocr_carea' id='block_1_6' title="bbox 166 1776 1350 1857">
    <p class='ocr_par' dir='ltr' id='par_1_6' title="bbox 166 1776 1350 1857">
     <span class='ocr_line' id='line_1_13' title="bbox 166 1776 1350 1857; baseline 0.003 -23"><span class='ocrx_word' id='word_1_100' title='bbox 166 1779 218 1834; x_wconf 92' lang='lat' dir='ltr'>ll.</span> <span class='ocrx_word' id='word_1_101' title='bbox 240 1777 300 1835; x_wconf 86' lang='lat' dir='ltr'>Sed</span> <span class='ocrx_word' id='word_1_102' title='bbox 313 1776 352 1836; x_wconf 90' lang='lat' dir='ltr'>de</span> <span class='ocrx_word' id='word_1_103' title='bbox 366 1797 433 1836; x_wconf 88' lang='lat' dir='ltr'>meo</span> <span class='ocrx_word' id='word_1_104' title='bbox 451 1789 551 1838; x_wconf 72' lang='lat' dir='ltr'>minen</span> <span class='ocrx_word' id='word_1_105' title='bbox 577 1781 695 1838; x_wconf 79' lang='lat' dir='ltr'>incessu</span> <span class='ocrx_word' id='word_1_106' title='bbox 714 1778 909 1857; x_wconf 85' lang='lat' dir='ltr'>loquendique</span> <span class='ocrx_word' id='word_1_107' title='bbox 929 1777 1142 1838; x_wconf 89' lang='lat' dir='ltr'>consuetudine</span> <span class='ocrx_word' id='word_1_108' title='bbox 1162 1797 1223 1837; x_wconf 90' lang='lat' dir='ltr'>om·</span> <span class='ocrx_word' id='word_1_109' title='bbox 1344 1815 1350 1824; x_wconf 93' lang='lat'><em>·</em></span> 
     </span>
    </p>
   </div>
   <div class='ocr_carea' id='block_1_7' title="bbox 45 1858 1315 4059">
    <p class='ocr_par' dir='ltr' id='par_1_7' title="bbox 45 1858 1224 2134">
     <span class='ocr_line' id='line_1_14' title="bbox 117 1858 1223 1945; baseline 0.004 -19"><span class='ocrx_word' id='word_1_110' title='bbox 117 1885 193 1927; x_wconf 86' lang='lat' dir='ltr'>nem</span> <span class='ocrx_word' id='word_1_111' title='bbox 209 1867 289 1945; x_wconf 84' lang='lat' dir='ltr'>apud</span> <span class='ocrx_word' id='word_1_112' title='bbox 304 1886 356 1927; x_wconf 82' lang='lat' dir='ltr'>vos</span> <span class='ocrx_word' id='word_1_113' title='bbox 371 1867 460 1929; x_wconf 87' lang='lat' dir='ltr'>libere</span> <span class='ocrx_word' id='word_1_114' title='bbox 473 1869 623 1930; x_wconf 86' lang='lat' dir='ltr'>veritatem</span> <span class='ocrx_word' id='word_1_115' title='bbox 632 1869 740 1944; x_wconf 90' lang='lat' dir='ltr'>dicam,</span> <span class='ocrx_word' id='word_1_116' title='bbox 754 1869 970 1930; x_wconf 82' lang='lat' dir='ltr'>Athenienses:</span> <span class='ocrx_word' id='word_1_117' title='bbox 997 1858 1077 1931; x_wconf 88' lang='lat' dir='ltr'>haud</span> <span class='ocrx_word' id='word_1_118' title='bbox 1090 1889 1137 1930; x_wconf 90' lang='lat' dir='ltr'>me</span> <span class='ocrx_word' id='word_1_119' title='bbox 1152 1891 1223 1930; x_wconf 90' lang='lat' dir='ltr'>sane</span> 
     </span>
     <span class='ocr_line' id='line_1_15' title="bbox 120 1958 1223 2043; baseline 0.005 -27"><span class='ocrx_word' id='word_1_120' title='bbox 120 1959 264 2038; x_wconf 66' lang='lat' dir='ltr'>preterit,</span> <span class='ocrx_word' id='word_1_121' title='bbox 279 1977 373 2037; x_wconf 88' lang='lat' dir='ltr'>neque</span> <span class='ocrx_word' id='word_1_122' title='bbox 393 1958 505 2038; x_wconf 81' lang='lat' dir='ltr'>ignoro,</span> <span class='ocrx_word' id='word_1_123' title='bbox 520 1971 714 2020; x_wconf 81' lang='lat' dir='ltr'>manaturum</span> <span class='ocrx_word' id='word_1_124' title='bbox 735 1961 872 2020; x_wconf 86' lang='lat' dir='ltr'>habuisse</span> <span class='ocrx_word' id='word_1_125' title='bbox 890 1977 993 2041; x_wconf 85' lang='lat' dir='ltr'>perum</span> <span class='ocrx_word' id='word_1_126' title='bbox 1016 1963 1171 2043; x_wconf 85' lang='lat' dir='ltr'>propitiam</span> <span class='ocrx_word' id='word_1_127' title='bbox 1193 1963 1223 2022; x_wconf 91' lang='lat' dir='ltr'>in</span> 
     </span>
     <span class='ocr_line' id='line_1_16' title="bbox 45 2044 1224 2134; baseline 0.006 -26"><span class='ocrx_word' id='word_1_128' title='bbox 45 2053 48 2060; x_wconf 82' lang='grc'>’</span> <span class='ocrx_word' id='word_1_129' title='bbox 120 2049 167 2108; x_wconf 87' lang='lat' dir='ltr'>his</span> <span class='ocrx_word' id='word_1_130' title='bbox 182 2050 282 2121; x_wconf 87' lang='lat' dir='ltr'>rebus,</span> <span class='ocrx_word' id='word_1_131' title='bbox 294 2069 392 2129; x_wconf 90' lang='lat' dir='ltr'>neque</span> <span class='ocrx_word' id='word_1_132' title='bbox 402 2069 452 2110; x_wconf 85' lang='lat' dir='ltr'>eas</span> <span class='ocrx_word' id='word_1_133' title='bbox 462 2052 601 2131; x_wconf 86' lang='lat' dir='ltr'>expedire</span> <span class='ocrx_word' id='word_1_134' title='bbox 612 2051 691 2112; x_wconf 89' lang='lat' dir='ltr'>mihi.</span> <span class='ocrx_word' id='word_1_135' title='bbox 722 2051 800 2112; x_wconf 90' lang='lat' dir='ltr'>Nam</span> <span class='ocrx_word' id='word_1_136' title='bbox 814 2053 839 2110; x_wconf 95' lang='lat' dir='ltr'>si</span> <span class='ocrx_word' id='word_1_137' title='bbox 851 2065 889 2112; x_wconf 87' lang='lat' dir='ltr'>ea</span> <span class='ocrx_word' id='word_1_138' title='bbox 902 2048 972 2112; x_wconf 86' lang='lat' dir='ltr'>milri</span> <span class='ocrx_word' id='word_1_139' title='bbox 986 2044 1086 2114; x_wconf 86' lang='lat' dir='ltr'>odium</span> <span class='ocrx_word' id='word_1_140' title='bbox 1098 2055 1224 2134; x_wconf 83' lang='lat' dir='ltr'>pariunt,</span> 
     </span>
    </p>

    <p class='ocr_par' dir='ltr' id='par_1_8' title="bbox 88 2141 1315 3601">
     <span class='ocr_line' id='line_1_17' title="bbox 88 2141 1222 2226; baseline 0.004 -26"><span class='ocrx_word' id='word_1_141' title='bbox 88 2171 94 2183; x_wconf 89' lang='lat'><strong>·</strong></span> <span class='ocrx_word' id='word_1_142' title='bbox 122 2141 230 2220; x_wconf 86' lang='lat' dir='ltr'>quibus</span> <span class='ocrx_word' id='word_1_143' title='bbox 245 2141 369 2219; x_wconf 79' lang='lat' dir='ltr'>agendis</span> <span class='ocrx_word' id='word_1_144' title='bbox 383 2141 496 2202; x_wconf 89' lang='lat' dir='ltr'>nullum</span> <span class='ocrx_word' id='word_1_145' title='bbox 510 2142 637 2203; x_wconf 84' lang='lat' dir='ltr'>fructum</span> <span class='ocrx_word' id='word_1_146' title='bbox 651 2143 746 2222; x_wconf 88' lang='lat' dir='ltr'>capio,</span> <span class='ocrx_word' id='word_1_147' title='bbox 760 2162 857 2203; x_wconf 89' lang='lat' dir='ltr'>nonne</span> <span class='ocrx_word' id='word_1_148' title='bbox 877 2143 980 2203; x_wconf 78' lang='lat' dir='ltr'>infelix</span> <span class='ocrx_word' id='word_1_149' title='bbox 998 2145 1029 2204; x_wconf 94' lang='lat' dir='ltr'>in</span> <span class='ocrx_word' id='word_1_150' title='bbox 1048 2164 1084 2204; x_wconf 88' lang='lat' dir='ltr'>ea</span> <span class='ocrx_word' id='word_1_151' title='bbox 1105 2145 1222 2226; x_wconf 89' lang='lat' dir='ltr'>quidem</span> 
     </span>
     <span class='ocr_line' id='line_1_18' title="bbox 124 2231 1224 2315; baseline 0.005 -23"><span class='ocrx_word' id='word_1_152' title='bbox 124 2243 209 2312; x_wconf 78' lang='lat' dir='ltr'>parte</span> <span class='ocrx_word' id='word_1_153' title='bbox 223 2231 310 2293; x_wconf 81' lang='lat' dir='ltr'>euml</span> <span class='ocrx_word' id='word_1_154' title='bbox 345 2233 405 2292; x_wconf 90' lang='lat' dir='ltr'>Sed</span> <span class='ocrx_word' id='word_1_155' title='bbox 418 2233 488 2311; x_wconf 91' lang='lat' dir='ltr'>quid</span> <span class='ocrx_word' id='word_1_156' title='bbox 502 2253 598 2312; x_wconf 74' lang='lat' dir='ltr'>agam,</span> <span class='ocrx_word' id='word_1_157' title='bbox 612 2236 637 2294; x_wconf 93' lang='lat' dir='ltr'>si</span> <span class='ocrx_word' id='word_1_158' title='bbox 654 2235 695 2294; x_wconf 87' lang='lat' dir='ltr'>illi</span> <span class='ocrx_word' id='word_1_159' title='bbox 712 2233 870 2294; x_wconf 81' lang='lat' dir='ltr'>mutuarol</span> <span class='ocrx_word' id='word_1_160' title='bbox 900 2247 1093 2315; x_wconf 83' lang='lat' dir='ltr'>proptereane</span> <span class='ocrx_word' id='word_1_161' title='bbox 1114 2237 1224 2297; x_wconf 89' lang='lat' dir='ltr'>mulcta</span> 
     </span>
     <span class='ocr_line' id='line_1_19' title="bbox 124 2323 1224 2413; baseline 0.003 -29"><span class='ocrx_word' id='word_1_162' title='bbox 124 2323 216 2386; x_wconf 85' lang='lat' dir='ltr'>etiam</span> <span class='ocrx_word' id='word_1_163' title='bbox 235 2324 378 2386; x_wconf 84' lang='lat' dir='ltr'>solvenda</span> <span class='ocrx_word' id='word_1_164' title='bbox 395 2324 473 2384; x_wconf 82' lang='lat' dir='ltr'>eritl</span> <span class='ocrx_word' id='word_1_165' title='bbox 503 2325 697 2413; x_wconf 82' lang='lat' dir='ltr'>Nequaquam</span> <span class='ocrx_word' id='word_1_166' title='bbox 717 2346 797 2387; x_wconf 83' lang='lat' dir='ltr'>vero.</span> <span class='ocrx_word' id='word_1_167' title='bbox 839 2325 983 2387; x_wconf 85' lang='lat' dir='ltr'>Malitiam</span> <span class='ocrx_word' id='word_1_168' title='bbox 997 2328 1075 2386; x_wconf 90' lang='lat' dir='ltr'>euim</span> <span class='ocrx_word' id='word_1_169' title='bbox 1089 2329 1119 2386; x_wconf 90' lang='lat' dir='ltr'>iu</span> <span class='ocrx_word' id='word_1_170' title='bbox 1134 2340 1224 2388; x_wconf 89' lang='lat' dir='ltr'>meet</span> 
     </span>
     <span class='ocr_line' id='line_1_20' title="bbox 124 2415 1224 2497; baseline 0.005 -23"><span class='ocrx_word' id='word_1_171' title='bbox 124 2415 339 2497; x_wconf 82' lang='lat' dir='ltr'>improbitatem</span> <span class='ocrx_word' id='word_1_172' title='bbox 361 2437 489 2490; x_wconf 83' lang='lat' dir='ltr'>essene</span> <span class='ocrx_word' id='word_1_173' title='bbox 512 2417 565 2478; x_wconf 82' lang='lat' dir='ltr'>isle</span> <span class='ocrx_word' id='word_1_174' title='bbox 589 2418 708 2497; x_wconf 89' lang='lat' dir='ltr'>quidem</span> <span class='ocrx_word' id='word_1_175' title='bbox 729 2419 791 2497; x_wconf 91' lang='lat' dir='ltr'>ipse</span> <span class='ocrx_word' id='word_1_176' title='bbox 815 2420 963 2490; x_wconf 82' lang='lat' dir='ltr'>ostendet,</span> <span class='ocrx_word' id='word_1_177' title='bbox 988 2439 1082 2497; x_wconf 88' lang='lat' dir='ltr'>neque</span> <span class='ocrx_word' id='word_1_178' title='bbox 1103 2439 1120 2479; x_wconf 94' lang='lat' dir='ltr'>e</span> <span class='ocrx_word' id='word_1_179' title='bbox 1140 2431 1224 2480; x_wconf 89' lang='lat' dir='ltr'>tanto</span> 
     </span>
     <span class='ocr_line' id='line_1_21' title="bbox 125 2510 1224 2590; baseline 0 -20"><span class='ocrx_word' id='word_1_180' title='bbox 125 2519 255 2570; x_wconf 82' lang='lat' dir='ltr'>vestrum</span> <span class='ocrx_word' id='word_1_181' title='bbox 280 2529 402 2570; x_wconf 90' lang='lat' dir='ltr'>numero</span> <span class='ocrx_word' id='word_1_182' title='bbox 419 2510 572 2590; x_wconf 83' lang='lat' dir='ltr'>quisquam</span> <span class='ocrx_word' id='word_1_183' title='bbox 591 2521 639 2572; x_wconf 87' lang='lat' dir='ltr'>est</span> <span class='ocrx_word' id='word_1_184' title='bbox 653 2511 744 2570; x_wconf 88' lang='lat' dir='ltr'>ullius</span> <span class='ocrx_word' id='word_1_185' title='bbox 766 2511 906 2576; x_wconf 84' lang='lat' dir='ltr'>facinoris</span> <span class='ocrx_word' id='word_1_186' title='bbox 930 2511 998 2570; x_wconf 87' lang='lat' dir='ltr'>mihi</span> <span class='ocrx_word' id='word_1_187' title='bbox 1022 2511 1171 2572; x_wconf 90' lang='lat' dir='ltr'>conscius:</span> <span class='ocrx_word' id='word_1_188' title='bbox 1193 2512 1224 2570; x_wconf 87' lang='lat' dir='ltr'>in</span> 
     </span>
     <span class='ocr_line' id='line_1_22' title="bbox 125 2599 1223 2683; baseline -0.002 -20"><span class='ocrx_word' id='word_1_189' title='bbox 125 2599 187 2663; x_wconf 85' lang='lat' dir='ltr'>aliis</span> <span class='ocrx_word' id='word_1_190' title='bbox 216 2613 313 2662; x_wconf 88' lang='lat' dir='ltr'>autem</span> <span class='ocrx_word' id='word_1_191' title='bbox 340 2603 428 2662; x_wconf 89' lang='lat' dir='ltr'>rebus</span> <span class='ocrx_word' id='word_1_192' title='bbox 451 2605 649 2683; x_wconf 89' lang='lat' dir='ltr'>unusquisque</span> <span class='ocrx_word' id='word_1_193' title='bbox 668 2615 801 2664; x_wconf 86' lang='lat' dir='ltr'>nostrum</span> <span class='ocrx_word' id='word_1_194' title='bbox 821 2603 890 2662; x_wconf 87' lang='lat' dir='ltr'>talis</span> <span class='ocrx_word' id='word_1_195' title='bbox 913 2615 969 2674; x_wconf 83' lang='lat' dir='ltr'>est,</span> <span class='ocrx_word' id='word_1_196' title='bbox 990 2614 1023 2662; x_wconf 89' lang='lat' dir='ltr'>ut</span> <span class='ocrx_word' id='word_1_197' title='bbox 1045 2605 1171 2664; x_wconf 77' lang='lat' dir='ltr'>l&#39;ortunm</span> <span class='ocrx_word' id='word_1_198' title='bbox 1192 2614 1223 2662; x_wconf 90' lang='lat' dir='ltr'>et</span> 
     </span>
     <span class='ocr_line' id='line_1_23' title="bbox 126 2694 1221 2774; baseline 0 -19"><span class='ocrx_word' id='word_1_199' title='bbox 126 2703 239 2756; x_wconf 72' lang='lat' dir='ltr'>ustura</span> <span class='ocrx_word' id='word_1_200' title='bbox 258 2696 352 2754; x_wconf 85' lang='lat' dir='ltr'>visum</span> <span class='ocrx_word' id='word_1_201' title='bbox 376 2695 442 2753; x_wconf 86' lang='lat' dir='ltr'>tuit.</span> <span class='ocrx_word' id='word_1_202' title='bbox 485 2695 529 2754; x_wconf 88' lang='lat' dir='ltr'>Ac</span> <span class='ocrx_word' id='word_1_203' title='bbox 552 2713 713 2772; x_wconf 83' lang='lat' dir='ltr'>repugnare</span> <span class='ocrx_word' id='word_1_204' title='bbox 736 2694 855 2772; x_wconf 79' lang='lat' dir='ltr'>iugenio</span> <span class='ocrx_word' id='word_1_205' title='bbox 877 2695 957 2755; x_wconf 84' lang='lat' dir='ltr'>iactu</span> <span class='ocrx_word' id='word_1_206' title='bbox 984 2695 1117 2774; x_wconf 86' lang='lat' dir='ltr'>prolecto</span> <span class='ocrx_word' id='word_1_207' title='bbox 1140 2695 1221 2754; x_wconf 83' lang='lat' dir='ltr'>lraud</span> 
     </span>
     <span class='ocr_line' id='line_1_24' title="bbox 127 2783 1221 2866; baseline 0.001 -22"><span class='ocrx_word' id='word_1_208' title='bbox 127 2785 215 2847; x_wconf 75' lang='lat' dir='ltr'>facile</span> <span class='ocrx_word' id='word_1_209' title='bbox 227 2797 283 2858; x_wconf 85' lang='lat' dir='ltr'>est,</span> <span class='ocrx_word' id='word_1_210' title='bbox 297 2785 405 2864; x_wconf 78' lang='lat' dir='ltr'>alioqui</span> <span class='ocrx_word' id='word_1_211' title='bbox 419 2785 497 2846; x_wconf 90' lang='lat' dir='ltr'>enim</span> <span class='ocrx_word' id='word_1_212' title='bbox 511 2785 583 2844; x_wconf 87' lang='lat' dir='ltr'>inter</span> <span class='ocrx_word' id='word_1_213' title='bbox 602 2804 656 2844; x_wconf 91' lang='lat' dir='ltr'>nos</span> <span class='ocrx_word' id='word_1_214' title='bbox 670 2783 742 2842; x_wconf 70' lang='lat' dir='ltr'>nillil</span> <span class='ocrx_word' id='word_1_215' title='bbox 755 2785 927 2845; x_wconf 82' lang='lat' dir='ltr'>interesset:</span> <span class='ocrx_word' id='word_1_216' title='bbox 950 2785 1038 2845; x_wconf 90' lang='lat' dir='ltr'>alium</span> <span class='ocrx_word' id='word_1_217' title='bbox 1051 2805 1119 2845; x_wconf 86' lang='lat' dir='ltr'>vero</span> <span class='ocrx_word' id='word_1_218' title='bbox 1134 2806 1221 2866; x_wconf 89' lang='lat' dir='ltr'>quem</span> 
     </span>
     <span class='ocr_line' id='line_1_25' title="bbox 127 2873 1222 2956; baseline -0.002 -18"><span class='ocrx_word' id='word_1_219' title='bbox 127 2877 235 2940; x_wconf 83' lang='lat' dir='ltr'>sideris</span> <span class='ocrx_word' id='word_1_220' title='bbox 249 2897 367 2938; x_wconf 86' lang='lat' dir='ltr'>censere</span> <span class='ocrx_word' id='word_1_221' title='bbox 384 2889 415 2937; x_wconf 90' lang='lat' dir='ltr'>et</span> <span class='ocrx_word' id='word_1_222' title='bbox 432 2875 655 2956; x_wconf 87' lang='lat' dir='ltr'>reprehendere,</span> <span class='ocrx_word' id='word_1_223' title='bbox 668 2873 796 2954; x_wconf 83' lang='lat' dir='ltr'>proclive</span> <span class='ocrx_word' id='word_1_224' title='bbox 817 2887 873 2933; x_wconf 87' lang='lat' dir='ltr'>est.</span> <span class='ocrx_word' id='word_1_225' title='bbox 916 2876 976 2933; x_wconf 87' lang='lat' dir='ltr'>Sed</span> <span class='ocrx_word' id='word_1_226' title='bbox 995 2877 1066 2953; x_wconf 90' lang='lat' dir='ltr'>quid</span> <span class='ocrx_word' id='word_1_227' title='bbox 1084 2876 1136 2936; x_wconf 87' lang='lat' dir='ltr'>tibi</span> <span class='ocrx_word' id='word_1_228' title='bbox 1155 2897 1222 2954; x_wconf 90' lang='lat' dir='ltr'>pro-</span> 
     </span>
     <span class='ocr_line' id='line_1_26' title="bbox 128 2963 1223 3050; baseline -0.007 -18"><span class='ocrx_word' id='word_1_229' title='bbox 128 2981 191 3050; x_wconf 83' lang='lat' dir='ltr'>pter</span> <span class='ocrx_word' id='word_1_230' title='bbox 204 2969 270 3031; x_wconf 77' lang='lat' dir='ltr'>lioec</span> <span class='ocrx_word' id='word_1_231' title='bbox 284 2969 326 3030; x_wconf 87' lang='lat' dir='ltr'>rei</span> <span class='ocrx_word' id='word_1_232' title='bbox 339 2989 454 3030; x_wconf 87' lang='lat' dir='ltr'>mecum</span> <span class='ocrx_word' id='word_1_233' title='bbox 473 2964 730 3040; x_wconf 80' lang='lat' dir='ltr'>cst,l’antoenetel</span> <span class='ocrx_word' id='word_1_234' title='bbox 759 2963 851 3023; x_wconf 86' lang='lat' dir='ltr'>Nihil.</span> <span class='ocrx_word' id='word_1_235' title='bbox 882 2964 981 3025; x_wconf 84' lang='lat' dir='ltr'>Multa</span> <span class='ocrx_word' id='word_1_236' title='bbox 993 2967 1100 3024; x_wconf 85' lang='lat' dir='ltr'>acerba</span> <span class='ocrx_word' id='word_1_237' title='bbox 1112 2984 1145 3024; x_wconf 90' lang='lat' dir='ltr'>es</span> <span class='ocrx_word' id='word_1_238' title='bbox 1159 2986 1223 3044; x_wconf 87' lang='lat' dir='ltr'>per-</span> 
     </span>
     <span class='ocr_line' id='line_1_27' title="bbox 127 3056 1224 3142; baseline -0.005 -20"><span class='ocrx_word' id='word_1_239' title='bbox 127 3078 243 3142; x_wconf 68' lang='lat' dir='ltr'>pmsusa</span> <span class='ocrx_word' id='word_1_240' title='bbox 284 3061 412 3122; x_wconf 87' lang='lat' dir='ltr'>Proinde</span> <span class='ocrx_word' id='word_1_241' title='bbox 435 3059 582 3139; x_wconf 85' lang='lat' dir='ltr'>sumpsisti</span> <span class='ocrx_word' id='word_1_242' title='bbox 606 3078 718 3138; x_wconf 68' lang='lat' dir='ltr'>peenas,</span> <span class='ocrx_word' id='word_1_243' title='bbox 743 3077 803 3116; x_wconf 91' lang='lat' dir='ltr'>non</span> <span class='ocrx_word' id='word_1_244' title='bbox 828 3057 865 3115; x_wconf 91' lang='lat' dir='ltr'>de</span> <span class='ocrx_word' id='word_1_245' title='bbox 889 3077 937 3116; x_wconf 90' lang='lat' dir='ltr'>me</span> <span class='ocrx_word' id='word_1_246' title='bbox 963 3056 1097 3136; x_wconf 85' lang='lat' dir='ltr'>quidem;</span> <span class='ocrx_word' id='word_1_247' title='bbox 1127 3075 1224 3134; x_wconf 87' lang='lat' dir='ltr'>neque</span> 
     </span>
     <span class='ocr_line' id='line_1_28' title="bbox 129 3143 1315 3231; baseline -0.004 -17"><span class='ocrx_word' id='word_1_248' title='bbox 129 3156 206 3214; x_wconf 89' lang='lat' dir='ltr'>enim</span> <span class='ocrx_word' id='word_1_249' title='bbox 227 3154 290 3214; x_wconf 93' lang='lat' dir='ltr'>ulla</span> <span class='ocrx_word' id='word_1_250' title='bbox 307 3153 359 3213; x_wconf 91' lang='lat' dir='ltr'>tibi</span> <span class='ocrx_word' id='word_1_251' title='bbox 377 3173 396 3214; x_wconf 89' lang='lat' dir='ltr'>a</span> <span class='ocrx_word' id='word_1_252' title='bbox 415 3172 462 3212; x_wconf 90' lang='lat' dir='ltr'>me</span> <span class='ocrx_word' id='word_1_253' title='bbox 481 3163 546 3212; x_wconf 86' lang='lat' dir='ltr'>orta</span> <span class='ocrx_word' id='word_1_254' title='bbox 565 3161 611 3210; x_wconf 89' lang='lat' dir='ltr'>eat</span> <span class='ocrx_word' id='word_1_255' title='bbox 629 3150 745 3231; x_wconf 81' lang='lat' dir='ltr'>injuria.</span> <span class='ocrx_word' id='word_1_256' title='bbox 788 3147 905 3228; x_wconf 82' lang='lat' dir='ltr'>Alioqui</span> <span class='ocrx_word' id='word_1_257' title='bbox 923 3167 1070 3226; x_wconf 87' lang='lat' dir='ltr'>nunquam</span> <span class='ocrx_word' id='word_1_258' title='bbox 1090 3167 1136 3207; x_wconf 89' lang='lat' dir='ltr'>me</span> <span class='ocrx_word' id='word_1_259' title='bbox 1151 3169 1224 3228; x_wconf 81' lang='lat' dir='ltr'>proe·</span> <span class='ocrx_word' id='word_1_260' title='bbox 1310 3143 1315 3149; x_wconf 73' lang='grc'><strong>’</strong></span> 
     </span>
     <span class='ocr_line' id='line_1_29' title="bbox 129 3241 1223 3325; baseline -0.007 -18"><span class='ocrx_word' id='word_1_261' title='bbox 129 3250 257 3319; x_wconf 85' lang='lat' dir='ltr'>terisses,</span> <span class='ocrx_word' id='word_1_262' title='bbox 271 3265 365 3325; x_wconf 89' lang='lat' dir='ltr'>neque</span> <span class='ocrx_word' id='word_1_263' title='bbox 378 3245 497 3305; x_wconf 86' lang='lat' dir='ltr'>missum</span> <span class='ocrx_word' id='word_1_264' title='bbox 515 3262 564 3304; x_wconf 89' lang='lat' dir='ltr'>me</span> <span class='ocrx_word' id='word_1_265' title='bbox 577 3242 709 3314; x_wconf 77' lang='lat' dir='ltr'>fecisses,</span> <span class='ocrx_word' id='word_1_266' title='bbox 723 3261 790 3302; x_wconf 88' lang='lat' dir='ltr'>cum</span> <span class='ocrx_word' id='word_1_267' title='bbox 802 3241 948 3319; x_wconf 79' lang='lat' dir='ltr'>Evergum</span> <span class='ocrx_word' id='word_1_268' title='bbox 963 3259 1099 3301; x_wconf 85' lang='lat' dir='ltr'>accusare</span> <span class='ocrx_word' id='word_1_269' title='bbox 1108 3241 1223 3302; x_wconf 86' lang='lat' dir='ltr'>institu-</span> 
     </span>
     <span class='ocr_line' id='line_1_30' title="bbox 131 3331 1225 3420; baseline -0.007 -22"><span class='ocrx_word' id='word_1_270' title='bbox 131 3337 213 3420; x_wconf 82' lang='lat' dir='ltr'>isses,</span> <span class='ocrx_word' id='word_1_271' title='bbox 226 3357 319 3416; x_wconf 87' lang='lat' dir='ltr'>neque</span> <span class='ocrx_word' id='word_1_272' title='bbox 336 3335 460 3417; x_wconf 87' lang='lat' dir='ltr'>petisses</span> <span class='ocrx_word' id='word_1_273' title='bbox 481 3345 516 3395; x_wconf 90' lang='lat' dir='ltr'>ut</span> <span class='ocrx_word' id='word_1_274' title='bbox 535 3353 590 3414; x_wconf 78' lang='lat' dir='ltr'>ego</span> <span class='ocrx_word' id='word_1_275' title='bbox 609 3331 743 3393; x_wconf 83' lang='lat' dir='ltr'>venditor</span> <span class='ocrx_word' id='word_1_276' title='bbox 764 3351 831 3391; x_wconf 87' lang='lat' dir='ltr'>esse</span> <span class='ocrx_word' id='word_1_277' title='bbox 851 3331 986 3409; x_wconf 80' lang='lat' dir='ltr'>dignarer</span> <span class='ocrx_word' id='word_1_278' title='bbox 999 3331 1049 3410; x_wconf 93' lang='lat' dir='ltr'>qui</span> <span class='ocrx_word' id='word_1_279' title='bbox 1068 3332 1180 3392; x_wconf 84' lang='lat' dir='ltr'>atrocia</span> <span class='ocrx_word' id='word_1_280' title='bbox 1194 3343 1225 3391; x_wconf 91' lang='lat' dir='ltr'>et</span> 
     </span>
     <span class='ocr_line' id='line_1_31' title="bbox 131 3422 1224 3510; baseline -0.004 -22"><span class='ocrx_word' id='word_1_281' title='bbox 131 3429 280 3510; x_wconf 73' lang='lat' dir='ltr'>magneio</span> <span class='ocrx_word' id='word_1_282' title='bbox 294 3437 324 3487; x_wconf 91' lang='lat' dir='ltr'>te</span> <span class='ocrx_word' id='word_1_283' title='bbox 338 3427 556 3487; x_wconf 83' lang='lat' dir='ltr'>commisissem.</span> <span class='ocrx_word' id='word_1_284' title='bbox 598 3422 714 3484; x_wconf 88' lang='lat' dir='ltr'>Deinde</span> <span class='ocrx_word' id='word_1_285' title='bbox 728 3442 788 3502; x_wconf 92' lang='lat' dir='ltr'>quo</span> <span class='ocrx_word' id='word_1_286' title='bbox 801 3441 859 3502; x_wconf 83' lang='lat' dir='ltr'>ego</span> <span class='ocrx_word' id='word_1_287' title='bbox 871 3434 969 3502; x_wconf 86' lang='lat' dir='ltr'>pacto,</span> <span class='ocrx_word' id='word_1_288' title='bbox 983 3441 1051 3510; x_wconf 85' lang='lat' dir='ltr'>cum</span> <span class='ocrx_word' id='word_1_289' title='bbox 1068 3443 1123 3484; x_wconf 90' lang='lat' dir='ltr'>nec</span> <span class='ocrx_word' id='word_1_290' title='bbox 1138 3424 1224 3484; x_wconf 89' lang='lat' dir='ltr'>ades·</span> 
     </span>
     <span class='ocr_line' id='line_1_32' title="bbox 133 3513 888 3601; baseline -0.013 -19"><span class='ocrx_word' id='word_1_291' title='bbox 133 3539 203 3594; x_wconf 66' lang='lat' dir='ltr'>um,</span> <span class='ocrx_word' id='word_1_292' title='bbox 216 3531 248 3582; x_wconf 89' lang='lat' dir='ltr'>et</span> <span class='ocrx_word' id='word_1_293' title='bbox 259 3538 379 3601; x_wconf 74' lang='lat' dir='ltr'>peregre</span> <span class='ocrx_word' id='word_1_294' title='bbox 392 3519 537 3588; x_wconf 70' lang='lat' dir='ltr'>obmsem,</span> <span class='ocrx_word' id='word_1_295' title='bbox 551 3516 612 3576; x_wconf 82' lang='lat' dir='ltr'>ulle</span> <span class='ocrx_word' id='word_1_296' title='bbox 625 3515 731 3596; x_wconf 80' lang='lat' dir='ltr'>injuria</span> <span class='ocrx_word' id='word_1_297' title='bbox 744 3526 773 3574; x_wconf 90' lang='lat' dir='ltr'>te</span> <span class='ocrx_word' id='word_1_298' title='bbox 787 3513 888 3574; x_wconf 73' lang='lat' dir='ltr'>affeci?</span> 
     </span>
    </p>

    <p class='ocr_par' dir='ltr' id='par_1_9' title="bbox 133 3605 1227 4059">
     <span class='ocr_line' id='line_1_33' title="bbox 174 3605 1223 3689; baseline -0.006 -17"><span class='ocrx_word' id='word_1_299' title='bbox 174 3616 223 3673; x_wconf 77' lang='lat' dir='ltr'>lt.</span> <span class='ocrx_word' id='word_1_300' title='bbox 234 3612 323 3679; x_wconf 82' lang='lat' dir='ltr'>Quod</span> <span class='ocrx_word' id='word_1_301' title='bbox 333 3612 356 3672; x_wconf 89' lang='lat' dir='ltr'>si</span> <span class='ocrx_word' id='word_1_302' title='bbox 365 3612 430 3689; x_wconf 87' lang='lat' dir='ltr'>quis</span> <span class='ocrx_word' id='word_1_303' title='bbox 440 3611 466 3671; x_wconf 90' lang='lat' dir='ltr'>ei</span> <span class='ocrx_word' id='word_1_304' title='bbox 476 3610 614 3688; x_wconf 75' lang='lat' dir='ltr'>largiatur</span> <span class='ocrx_word' id='word_1_305' title='bbox 624 3609 742 3668; x_wconf 86' lang='lat' dir='ltr'>summis</span> <span class='ocrx_word' id='word_1_306' title='bbox 751 3626 818 3667; x_wconf 89' lang='lat' dir='ltr'>eum</span> <span class='ocrx_word' id='word_1_307' title='bbox 829 3605 966 3668; x_wconf 82' lang='lat' dir='ltr'>allectum</span> <span class='ocrx_word' id='word_1_308' title='bbox 975 3607 1097 3686; x_wconf 85' lang='lat' dir='ltr'>injuriis,</span> <span class='ocrx_word' id='word_1_309' title='bbox 1106 3619 1136 3668; x_wconf 91' lang='lat' dir='ltr'>et</span> <span class='ocrx_word' id='word_1_310' title='bbox 1144 3628 1223 3666; x_wconf 92' lang='lat' dir='ltr'>nunc</span> 
     </span>
     <span class='ocr_line' id='line_1_34' title="bbox 133 3686 1224 3777; baseline -0.008 -11"><span class='ocrx_word' id='word_1_311' title='bbox 133 3703 169 3766; x_wconf 90' lang='lat' dir='ltr'>de</span> <span class='ocrx_word' id='word_1_312' title='bbox 181 3705 217 3767; x_wconf 90' lang='lat' dir='ltr'>iis</span> <span class='ocrx_word' id='word_1_313' title='bbox 230 3705 379 3768; x_wconf 82' lang='lat' dir='ltr'>verissima</span> <span class='ocrx_word' id='word_1_314' title='bbox 391 3686 613 3763; x_wconf 81' lang='lat' dir='ltr'>dicturumesse</span> <span class='ocrx_word' id='word_1_315' title='bbox 626 3701 734 3769; x_wconf 87' lang='lat' dir='ltr'>omnia,</span> <span class='ocrx_word' id='word_1_316' title='bbox 750 3699 822 3757; x_wconf 90' lang='lat' dir='ltr'>illud</span> <span class='ocrx_word' id='word_1_317' title='bbox 834 3709 935 3757; x_wconf 85' lang='lat' dir='ltr'>tamen</span> <span class='ocrx_word' id='word_1_318' title='bbox 949 3699 1050 3777; x_wconf 90' lang='lat' dir='ltr'>opinor</span> <span class='ocrx_word' id='word_1_319' title='bbox 1064 3719 1164 3759; x_wconf 88' lang='lat' dir='ltr'>ornnes</span> <span class='ocrx_word' id='word_1_320' title='bbox 1179 3700 1224 3758; x_wconf 86' lang='lat' dir='ltr'>ia·</span> 
     </span>
     <span class='ocr_line' id='line_1_35' title="bbox 134 3789 1225 3874; baseline -0.007 -16"><span class='ocrx_word' id='word_1_321' title='bbox 134 3795 457 3868; x_wconf 58' lang='lat' dir='ltr'>numinenumine</span> <span class='ocrx_word' id='word_1_322' title='bbox 472 3795 534 3874; x_wconf 90' lang='lat' dir='ltr'>jam</span> <span class='ocrx_word' id='word_1_323' title='bbox 551 3792 724 3872; x_wconf 89' lang='lat' dir='ltr'>quibusdam</span> <span class='ocrx_word' id='word_1_324' title='bbox 745 3802 779 3850; x_wconf 89' lang='lat' dir='ltr'>ut</span> <span class='ocrx_word' id='word_1_325' title='bbox 798 3791 904 3849; x_wconf 84' lang='lat' dir='ltr'>multas</span> <span class='ocrx_word' id='word_1_326' title='bbox 924 3792 1089 3871; x_wconf 76' lang='lat' dir='ltr'>acciperent</span> <span class='ocrx_word' id='word_1_327' title='bbox 1108 3789 1225 3864; x_wconf 87' lang='lat' dir='ltr'>injurias</span> 
     </span>
     <span class='ocr_line' id='line_1_36' title="bbox 136 3883 1226 3966; baseline -0.006 -18"><span class='ocrx_word' id='word_1_328' title='bbox 136 3887 306 3966; x_wconf 82' lang='lat' dir='ltr'>pecuniariis</span> <span class='ocrx_word' id='word_1_329' title='bbox 321 3887 435 3948; x_wconf 88' lang='lat' dir='ltr'>damnis</span> <span class='ocrx_word' id='word_1_330' title='bbox 454 3885 612 3966; x_wconf 76' lang='lat' dir='ltr'>gravimes.</span> <span class='ocrx_word' id='word_1_331' title='bbox 644 3884 720 3944; x_wconf 88' lang='lat' dir='ltr'>Nam</span> <span class='ocrx_word' id='word_1_332' title='bbox 741 3892 773 3942; x_wconf 84' lang='lat' dir='ltr'>et</span> <span class='ocrx_word' id='word_1_333' title='bbox 793 3883 919 3941; x_wconf 73' lang='lat' dir='ltr'>fortuitae</span> <span class='ocrx_word' id='word_1_334' title='bbox 939 3883 1037 3942; x_wconf 83' lang='lat' dir='ltr'>coedes</span> <span class='ocrx_word' id='word_1_335' title='bbox 1052 3883 1134 3951; x_wconf 86' lang='lat' dir='ltr'>liunt,</span> <span class='ocrx_word' id='word_1_336' title='bbox 1148 3891 1177 3940; x_wconf 88' lang='lat' dir='ltr'>et</span> <span class='ocrx_word' id='word_1_337' title='bbox 1190 3901 1226 3942; x_wconf 87' lang='lat' dir='ltr'>ea</span> 
     </span>
     <span class='ocr_line' id='line_1_37' title="bbox 136 3969 1227 4059; baseline -0.005 -21"><span class='ocrx_word' id='word_1_338' title='bbox 136 3979 277 4042; x_wconf 82' lang='lat' dir='ltr'>violantur</span> <span class='ocrx_word' id='word_1_339' title='bbox 296 3999 363 4059; x_wconf 77' lang='lat' dir='ltr'>quse</span> <span class='ocrx_word' id='word_1_340' title='bbox 382 3977 498 4038; x_wconf 87' lang='lat' dir='ltr'>minime</span> <span class='ocrx_word' id='word_1_341' title='bbox 518 3976 721 4047; x_wconf 84' lang='lat' dir='ltr'>conveniebat,</span> <span class='ocrx_word' id='word_1_342' title='bbox 734 3984 766 4033; x_wconf 89' lang='lat' dir='ltr'>et</span> <span class='ocrx_word' id='word_1_343' title='bbox 778 3969 928 4052; x_wconf 85' lang='lat' dir='ltr'>complure</span> <span class='ocrx_word' id='word_1_344' title='bbox 951 3976 1013 4053; x_wconf 89' lang='lat' dir='ltr'>ejus</span> <span class='ocrx_word' id='word_1_345' title='bbox 1033 3972 1147 4050; x_wconf 83' lang='lat' dir='ltr'>generis</span> <span class='ocrx_word' id='word_1_346' title='bbox 1169 3973 1227 4032; x_wconf 88' lang='lat' dir='ltr'>alia</span> 
     </span>
    </p>
   </div>
   <div class='ocr_carea' id='block_1_8' title="bbox 136 4064 1354 4152">
    <p class='ocr_par' dir='ltr' id='par_1_10' title="bbox 136 4064 1354 4152">
     <span class='ocr_line' id='line_1_38' title="bbox 136 4064 1354 4152; baseline -0.006 -20"><span class='ocrx_word' id='word_1_347' title='bbox 136 4071 363 4132; x_wconf 85' lang='lat' dir='ltr'>committuntur.</span> <span class='ocrx_word' id='word_1_348' title='bbox 406 4070 467 4130; x_wconf 86' lang='lat' dir='ltr'>Sed</span> <span class='ocrx_word' id='word_1_349' title='bbox 486 4078 582 4129; x_wconf 76' lang='lat' dir='ltr'>minen</span> <span class='ocrx_word' id='word_1_350' title='bbox 601 4067 705 4127; x_wconf 89' lang='lat' dir='ltr'>horum</span> <span class='ocrx_word' id='word_1_351' title='bbox 718 4067 849 4126; x_wconf 87' lang='lat' dir='ltr'>omnium</span> <span class='ocrx_word' id='word_1_352' title='bbox 869 4067 1009 4125; x_wconf 87' lang='lat' dir='ltr'>terminus</span> <span class='ocrx_word' id='word_1_353' title='bbox 1023 4076 1054 4123; x_wconf 91' lang='lat' dir='ltr'>et</span> <span class='ocrx_word' id='word_1_354' title='bbox 1067 4064 1227 4126; x_wconf 79' lang='lat' dir='ltr'>satisfactio</span> <span class='ocrx_word' id='word_1_355' title='bbox 1312 4105 1316 4110; x_wconf 89' lang='lat'><em>-</em></span> <span class='ocrx_word' id='word_1_356' title='bbox 1349 4147 1354 4152; x_wconf 20' lang='grc' dir='ltr'>Ι</span> 
     </span>
    </p>
   </div>
   <div class='ocr_carea' id='block_1_9' title="bbox 139 4157 1295 4336">
    <p class='ocr_par' dir='ltr' id='par_1_11' title="bbox 139 4157 1295 4336">
     <span class='ocr_line' id='line_1_39' title="bbox 139 4157 1225 4235; baseline -0.008 -10"><span class='ocrx_word' id='word_1_357' title='bbox 139 4173 247 4224; x_wconf 64' lang='grc' dir='ltr'>Μυῖα</span> <span class='ocrx_word' id='word_1_358' title='bbox 259 4174 305 4224; x_wconf 87' lang='lat' dir='ltr'>est</span> <span class='ocrx_word' id='word_1_359' title='bbox 317 4163 394 4224; x_wconf 73' lang='lat' dir='ltr'>lesia</span> <span class='ocrx_word' id='word_1_360' title='bbox 415 4159 492 4230; x_wconf 80' lang='lat' dir='ltr'>hee,</span> <span class='ocrx_word' id='word_1_361' title='bbox 506 4172 540 4220; x_wconf 86' lang='lat' dir='ltr'>ut</span> <span class='ocrx_word' id='word_1_362' title='bbox 559 4179 588 4220; x_wconf 84' lang='lat' dir='ltr'>re</span> <span class='ocrx_word' id='word_1_363' title='bbox 607 4165 757 4218; x_wconf 84' lang='lat' dir='ltr'>transacta</span> <span class='ocrx_word' id='word_1_364' title='bbox 770 4170 801 4219; x_wconf 92' lang='lat' dir='ltr'>et</span> <span class='ocrx_word' id='word_1_365' title='bbox 813 4157 976 4235; x_wconf 87' lang='lat' dir='ltr'>composita</span> <span class='ocrx_word' id='word_1_366' title='bbox 990 4157 1158 4234; x_wconf 85' lang='lat' dir='ltr'>quiescant;</span> <span class='ocrx_word' id='word_1_367' title='bbox 1181 4159 1225 4218; x_wconf 92' lang='lat' dir='ltr'>id-</span> 
     </span>
     <span class='ocr_line' id='line_1_40' title="bbox 139 4247 1295 4336; baseline -0.007 -19"><span class='ocrx_word' id='word_1_368' title='bbox 139 4273 194 4332; x_wconf 82' lang='lat' dir='ltr'>que</span> <span class='ocrx_word' id='word_1_369' title='bbox 211 4257 263 4336; x_wconf 87' lang='lat' dir='ltr'>jus</span> <span class='ocrx_word' id='word_1_370' title='bbox 281 4265 393 4316; x_wconf 73' lang='lat' dir='ltr'>muitum</span> <span class='ocrx_word' id='word_1_371' title='bbox 411 4253 439 4311; x_wconf 92' lang='lat' dir='ltr'>in</span> <span class='ocrx_word' id='word_1_372' title='bbox 456 4253 589 4330; x_wconf 76' lang='lat' dir='ltr'>omnibns</span> <span class='ocrx_word' id='word_1_373' title='bbox 604 4252 692 4322; x_wconf 86' lang='lat' dir='ltr'>valet,</span> <span class='ocrx_word' id='word_1_374' title='bbox 706 4263 749 4321; x_wconf 89' lang='lat' dir='ltr'>ut,</span> <span class='ocrx_word' id='word_1_375' title='bbox 766 4253 789 4311; x_wconf 86' lang='lat' dir='ltr'>si</span> <span class='ocrx_word' id='word_1_376' title='bbox 811 4250 875 4328; x_wconf 89' lang='lat' dir='ltr'>quis</span> <span class='ocrx_word' id='word_1_377' title='bbox 891 4248 1019 4306; x_wconf 72' lang='lat' dir='ltr'>fortuitae</span> <span class='ocrx_word' id='word_1_378' title='bbox 1037 4247 1126 4308; x_wconf 79' lang='lat' dir='ltr'>coedis</span> <span class='ocrx_word' id='word_1_379' title='bbox 1146 4270 1227 4310; x_wconf 89' lang='lat' dir='ltr'>reum</span> <span class='ocrx_word' id='word_1_380' title='bbox 1289 4308 1295 4320; x_wconf 80' lang='grc'><em>,</em></span> 
     </span>
    </p>
   </div>
   <div class='ocr_carea' id='block_1_10' title="bbox 140 4345 1228 4493">
    <p class='ocr_par' dir='ltr' id='par_1_12' title="bbox 140 4345 1228 4493">
     <span class='ocr_line' id='line_1_41' title="bbox 140 4345 1228 4428; baseline -0.008 -19"><span class='ocrx_word' id='word_1_381' title='bbox 140 4349 282 4428; x_wconf 78' lang='lat' dir='ltr'>peregerit</span> <span class='ocrx_word' id='word_1_382' title='bbox 295 4359 325 4407; x_wconf 87' lang='lat' dir='ltr'>et</span> <span class='ocrx_word' id='word_1_383' title='bbox 339 4346 435 4424; x_wconf 85' lang='lat' dir='ltr'>palam</span> <span class='ocrx_word' id='word_1_384' title='bbox 451 4345 610 4404; x_wconf 88' lang='lat' dir='ltr'>ostenderit</span> <span class='ocrx_word' id='word_1_385' title='bbox 625 4345 750 4423; x_wconf 78' lang='lat' dir='ltr'>aliquem</span> <span class='ocrx_word' id='word_1_386' title='bbox 769 4361 828 4401; x_wconf 89' lang='lat' dir='ltr'>non</span> <span class='ocrx_word' id='word_1_387' title='bbox 843 4359 907 4400; x_wconf 84' lang='lat' dir='ltr'>esse</span> <span class='ocrx_word' id='word_1_388' title='bbox 920 4359 1037 4418; x_wconf 85' lang='lat' dir='ltr'>purum,</span> <span class='ocrx_word' id='word_1_389' title='bbox 1050 4352 1118 4420; x_wconf 91' lang='lat' dir='ltr'>post</span> <span class='ocrx_word' id='word_1_390' title='bbox 1130 4351 1228 4402; x_wconf 86' lang='lat' dir='ltr'>tamen</span> 
     </span>
     <span class='ocr_line' id='line_1_42' title="bbox 653 4441 710 4493; baseline -0.018 0"><span class='ocrx_word' id='word_1_391' title='bbox 653 4441 672 4493; x_wconf 83' lang='lat' dir='ltr'>1l</span> <span class='ocrx_word' id='word_1_392' title='bbox 689 4455 710 4492; x_wconf 83' lang='grc' dir='ltr'>ι)</span> 
     </span>
    </p>
   </div>
   <div class='ocr_carea' id='block_1_11' title="bbox 0 0 1511 5017">
    <p class='ocr_par' dir='ltr' id='par_1_13' title="bbox 0 0 1511 5017">
     <span class='ocr_line' id='line_1_43' title="bbox 0 0 1511 5017; baseline 0 0"><span class='ocrx_word' id='word_1_393' title='bbox 0 0 1511 5017; x_wconf 95' lang='lat' dir='ltr'> </span> 
     </span>
    </p>
   </div>
  </div>
 </body>
</html>
