2967 5017
390 304 556 368 cosm
578 304 926 369 promouetur.
1138 306 1199 364 ’139

113 460 274 525 immam·
295 480 361 525 esse
381 482 484 525 mures
497 482 608 536 omnes,
622 480 712 543 quesn
724 463 807 525 ueris
820 462 851 524 in
864 462 1008 525 Piraeum
1029 477 1089 523 uon
1103 479 1198 541 spps-

112 551 183 615 lerir.
225 554 305 623 Quid
327 566 424 617 autem
445 558 614 637 syngrapho
631 556 723 619 dicitl
754 558 833 632 Non,
852 558 894 619 ita
915 576 962 618 ure
979 564 1058 618 amet
1073 555 1199 635 Jupiter,

111 644 211 706 eedem
224 656 346 725 questu,
368 646 585 728 Dionysodores
605 648 669 720 sed,
682 648 738 709 nisi
751 648 912 710 reddideris
926 658 1033 713 sortem
1043 657 1075 708 et
1084 665 1199 725 ummo,

111 737 242 797 sutmihi
256 737 422 799 exhibueris
434 739 557 820 pignora
578 741 732 801 manifeste
746 750 778 801 et
795 741 898 814 libera,
910 752 962 803 aut
978 741 1005 801 si
1026 740 1099 820 quid
1119 740 1198 801 eliud

110 838 209 890 morra
221 829 416 911 syngrapheus
431 832 617 905 commiseris,
632 832 751 911 duplum
769 832 884 893 solrere
894 833 1050 913 perunitus
1063 843 1092 893 te
1103 834 1198 911 jubet

110 920 173 1000 Age
186 922 242 983 hoe
255 922 349 1002 ipsum
362 923 431 983 mihi
445 924 618 1005 syngrephoe
631 934 721 1005 ceput
732 924 833 986 recita.

519 1076 786 1139 SYNGRAPHA.

109 1199 160 1249 uns
184 1172 269 1251 αι’
280 1205 401 1253 mrim
417 1204 566 1253 ιιιιιιιιιιι
581 1206 678 1269 prgam
693 1214 718 1255 ιι
735 1207 818 1265 rama,
828 1216 870 1257 ιιι
887 1208 908 1256 ιι
923 1209 981 1269 ,ιιι
1002 1216 1082 1257 mm
1100 1221 1197 1271 ηιςιι·

107 1276 174 1337 phere
186 1280 350 1339 conmiserint,
361 1281 482 1346 mouisse
492 1283 587 1345 doplsn
596 1284 717 1333 reddunto.

109 1374 198 1439 Bm
210 1380 261 1441 ubi
279 1400 384 1441 nermo
406 1381 491 1441 nobis
511 1381 693 1443 manifestem
714 1383 889 1459 exhibueris,
902 1404 940 1446 ex
960 1404 1021 1465 quo
1043 1384 1198 1465 pecuniam

109 1471 223 1531 anobis
236 1473 384 1553 accepisti,
397 1493 464 1533 oum
478 1474 542 1553 ipse
555 1476 720 1536 confitearis
737 1494 801 1536 eem
814 1495 880 1538 esse
893 1476 1089 1560 ineolumem?
1110 1495 1147 1535 eu
1160 1494 1198 1535 ex

106 1572 142 1621 eb
154 1572 286 1644 tempore
300 1564 330 1625 in
350 1564 570 1626 Atheniensium
591 1578 753 1628 mereatum
772 1569 920 1648 appulisti,
938 1586 1006 1629 eum
1030 1565 1198 1647 syngrapho

105 1656 268 1733 perspicuis
279 1656 374 1717 verbis
388 1658 477 1727 dieat,
492 1676 594 1718 nerem
607 1678 672 1717 esse
692 1660 731 1719 in
756 1658 859 1719 Piroe
868 1679 948 1721 eom
966 1658 1198 1740 perducendam,

104 1754 137 1803 et
157 1764 244 1808 nisu
258 1747 384 1809 ifesto
413 1748 606 1809 exhibendum
626 1750 837 1811 oreditoribus?

148 1838 197 1899 12.
214 1838 289 1901 Nem
303 1849 334 1900 et
352 1840 420 1914 hoo,
434 1840 637 1902 Athenienses.
678 1842 853 1903 Futilitatem
868 1852 1008 1921 spectate.
1040 1842 1141 1920 Ropts
1151 1852 1199 1903 est

106 1930 199 2001 neris,
214 1942 248 1992 ut
260 1932 316 1993 iste
326 1932 376 2005 ait,
387 1942 596 2013 proptereaque
609 1934 747 1996 ilbodum
760 1954 825 1995 earu
835 1933 979 1995 deduxit:
999 1932 1122 2014 proinde
1130 1944 1199 2013 post

108 2026 384 2087 murmurosae
409 2026 622 2105 nengstiooeur
647 2039 790 2107 reparate.
831 2028 893 2087 Cur
914 2029 1003 2108 igitur
1024 2044 1100 2097 eam,
1113 2046 1133 2087 o
1155 2027 1200 2086 vir

108 2116 226 2195 optime,
237 2118 267 2176 in
280 2117 436 2198 Egyptum
450 2128 632 2197 ceterosque
644 2134 792 2181 rseroetus
800 2120 945 2193 mitmbes,
956 2120 1086 2181 Athenas
1097 2128 1196 2179 sotem

109 2208 238 2270 nondum
250 2210 354 2271 misisti
366 2228 404 2269 ne
417 2230 496 2270 nune
506 2210 624 2289 quidem
634 2210 672 2271 ed
684 2230 739 2273 nos
752 2211 923 2283 creditores,
930 2211 1036 2291 quibus
1049 2230 1114 2273 esur
1129 2228 1199 2291 spu·

108 2301 259 2379 naphsso
275 2302 360 2383 jubet
377 2301 561 2363 manifestam
580 2314 611 2363 et
630 2304 751 2364 liberem
769 2304 916 2375 exhibere,
935 2303 1096 2383 presertim
1113 2297 1200 2363 nobis

109 2388 315 2472 idpeteutihus
329 2404 360 2455 et
373 2414 391 2453 a
403 2404 433 2453 te
447 2410 527 2473 seps
546 2396 783 2475 postulantibus?
805 2397 864 2457 Sed
882 2409 914 2457 tu
930 2398 974 2456 its
991 2396 1073 2456 lestis
1094 2414 1136 2466 es,
1151 2394 1199 2455 vel

109 2482 202 2561 potius
226 2484 393 2565 impudens,
417 2496 459 2556 ut,
484 2505 550 2544 cum
573 2508 589 2547 e
611 2489 776 2569 syngrapha
798 2490 953 2568 pecuniam
976 2490 1060 2549 nobis
1079 2488 1200 2568 duplam

110 2574 227 2656 debeas,
240 2597 296 2637 neo
310 2575 453 2654 legitimas
467 2596 570 2637 usuras
583 2578 752 2639 reddendas
764 2580 925 2651 existimem
945 2594 977 2640 et
990 2580 1123 2641 Rhodias
1132 2599 1198 2641 ,nos

111 2670 235 2749 resipere
251 2670 367 2748 jubeas,
388 2666 506 2747 perinde
520 2688 555 2728 se
569 2670 594 2729 si
608 2670 736 2729 manuari
756 2672 797 2731 tui
811 2673 903 2751 mejor
915 2690 1004 2750 qoam
1022 2670 1199 2751 syngrapho

112 2766 146 2827 sit
157 2765 337 2837 austeritate
357 2784 391 2825 eo
412 2764 508 2825 dioere
530 2764 649 2837 sedens,
671 2784 776 2825 nerem
795 2768 825 2825 iu
848 2766 991 2827 Piraeum
1013 2786 1072 2827 uon
1090 2768 1198 2845 perdu-

111 2867 184 2921 Μ
197 2878 265 2921 esse
286 2858 472 2930 ineolumem,
485 2855 563 2936 quo'd
584 2857 622 2917 ob
641 2856 749 2919 fectum
766 2858 833 2937 jure
851 2858 1000 2937 perimens
1011 2858 1201 2933 ajudioibos:

114 2948 166 3013 Por
177 2970 264 3032 quem
278 2949 354 3011 euim
372 2949 462 3021 stetit,
475 2947 607 3021 ludices,
621 2968 680 3029 quo
701 2950 798 3011 minus
814 2949 899 3010 neris
914 2951 945 3009 iu
960 2950 1104 3009 Pimeum
1117 2949 1198 3009 ineo-

113 3042 192 3105 lmnis
205 3041 433 3125 perduceretur?
454 3040 533 3100 Num
547 3060 597 3120 per
611 3060 664 3101 nos
677 3042 727 3121 qni
736 3052 837 3122 eperte
850 3042 1044 3101 mutuavimus
1062 3042 1092 3100 in
1106 3040 1197 3119 Egy-

113 3140 187 3211 ptum
200 3148 232 3199 et
245 3135 387 3208 Athenas,
401 3152 439 3193 an
457 3152 525 3195 reso
544 3152 596 3213 per
614 3132 700 3195 istum
718 3135 840 3215 ejusque
853 3134 975 3206 sociem,
988 3133 1048 3211 qui,
1060 3131 1108 3191 bis
1127 3150 1198 3193 coo·

113 3224 265 3289 ditionibus
288 3227 411 3288 mutuati
440 3236 475 3287 ut
497 3225 627 3287 Athenas
654 3226 791 3299 redirent,
817 3226 955 3287 Rhodum
978 3242 1082 3285 navem
1104 3239 1197 3305 eppo·

112 3317 220 3381 lentot?
429 3365 433 3377 .

152 3416 195 3475 1³.
218 3414 313 3492 quue
325 3412 432 3472 senisse
444 3430 494 3471 eos
508 3410 546 3471 de
565 3410 718 3481 industria,
732 3410 815 3480 nulla
833 3410 1006 3471 nemesimte
1019 3412 1198 3491 eompulsos,

114 3504 206 3567 multis
225 3504 320 3587 signis
342 3503 499 3583 colligitur.
539 3502 616 3562 Nem
640 3503 663 3562 si
685 3520 773 3563 cesus
790 3503 840 3563 ille
861 3521 961 3563 revera
979 3502 1035 3561 luit
1052 3502 1200 3572 fortuitus,

114 3602 141 3656 et
153 3599 232 3660 utris
244 3608 335 3679 rupta
347 3596 410 3666 fuit,
423 3605 501 3673 post,
509 3612 575 3653 eum
590 3614 653 3655 esus
668 3596 887 3668 instaurassent,
896 3612 956 3655 non
970 3595 1070 3673 utique
1081 3594 1111 3653 in
1124 3593 1198 3653 elios

113 3702 251 3753 mercatus
266 3691 442 3757 eloessseut,
452 3686 504 3745 sed
519 3686 557 3746 ed
571 3706 626 3747 nos
635 3686 780 3747 misissent
793 3687 830 3747 ad
845 3685 1048 3765 corrigendum
1061 3696 1197 3745 eventum

116 3796 173 3842 nou
184 3784 392 3847 voluntarium:
415 3798 494 3838 nune
508 3788 621 3839 tantum
641 3781 725 3840 abest
742 3790 775 3840 ot
793 3796 891 3840 ossum
914 3777 996 3837 illam
1010 3776 1198 3848 correxerint,

115 3882 147 3933 ut
157 3876 195 3935 sd
206 3878 314 3956 primes
326 3870 444 3954 injurias
457 3870 564 3931 delicta
577 3872 665 3950 longe
679 3872 812 3951 graviora
824 3869 995 3952 adjecerint
1005 3879 1045 3941 st,
1057 3872 1196 3948 tanosn'r

115 3968 310 4043 perdentem,
325 3972 428 4025 eontra
441 3982 495 4021 noa
509 3962 539 4021 iu
547 3963 689 4042 judicium
702 3966 843 4035 venerint,
858 3962 942 4042 qussi
954 3962 984 4021 in
996 3958 1126 4041 ipsorum
1144 3978 1198 4041 po·

114 4068 212 4123 testate
231 4062 361 4122 fusurum
379 4056 429 4125 sit,
444 4056 469 4114 si
491 4074 543 4115 eos
565 4058 780 4131 damnaveritis,
794 4067 900 4118 sortem
914 4055 1058 4115 duosam
1074 4054 1199 4115 reddere

117 4160 145 4209 et
163 4172 273 4215 usuras.
315 4152 376 4210 Vos
395 4148 492 4227 igitur,
517 4148 724 4223 Athenienses,
737 4170 774 4209 ne
794 4151 878 4211 istem
891 4148 933 4208 eis
953 4146 1097 4207 licentiam
1111 4146 1197 4220 detis,

116 4262 203 4323 neque
216 4244 388 4324 permittatis
408 4251 446 4301 ut
463 4240 579 4301 duobus
591 4242 670 4303 uelut
685 4243 799 4304 ancoris
819 4242 958 4313 nitantur,
971 4249 1014 4311 st,
1029 4240 1054 4299 si
1067 4238 1198 4311 vicerint,

116 4336 263 4412 pteuuism
276 4336 400 4397 alienam
413 4330 573 4405 detineant,
586 4333 630 4393 sin
643 4352 695 4395 ros
713 4333 847 4412 decipere
860 4350 919 4391 non
933 4331 1054 4409 possint,
1066 4350 1105 4391 ea·
1120 4329 1197 4389 dun·

116 4434 194 4489 texat
205 4428 329 4491 reddent
340 4448 407 4507 quoe
424 4424 550 4485 debent:
571 4426 624 4487 sed
645 4426 768 4486 mulctes
790 4424 832 4484 eis
849 4424 975 4504 irrogate
988 4443 1055 4503 quat
1074 4441 1196 4503 syngra-
