2967 5017
553 338 770 400 epistotae.
1156 336 1212 394 lat

54 555 60 563 .
119 499 267 572 incideris,
281 508 370 579 atque
389 496 439 558 ille
457 497 487 556 in
501 503 557 557 nos
574 496 684 576 aliquid
703 493 818 564 dixerit,
833 502 950 574 operam
969 490 1039 552 dato
1054 501 1217 562 utrtacems
1275 489 1279 496 '

120 595 145 652 ri
158 602 255 698 potes,
270 602 301 652 et
319 591 427 652 rideas.
469 590 580 650 Verum
591 589 642 648 tlte
655 587 775 667 qmdem
789 588 860 647 setis
874 603 978 664 graves
992 603 1099 663 poenss
1104 583 1167 657 dat,
1180 595 1213 643 ut

119 682 171 762 qui
181 684 282 743 etrisu
294 694 326 744 et
337 681 543 744 odioomnium
555 681 666 760 dignus
678 680 831 740 habeatur.
854 677 900 736 Tu
910 695 987 746 vero,
1000 676 1057 735 nisi
1070 695 1149 735 mare
1162 695 1214 754 pe·

120 775 199 835 niso
210 776 404 845 extrimcscis,
416 775 457 836 ad
476 793 532 834 nos
547 771 712 851 aliquando
727 769 838 843 venito,
855 753 992 874 &curius
1005 768 1087 828 nobis
1107 768 1151 826 tui
1166 767 1215 827 ni·

121 867 212 928 deod
224 869 321 948 copia,
336 869 458 931 domm
472 867 665 927 revertitor.

641 1055 695 1114 vt.

157 1198 273 1273 Aristo,
286 1199 336 1276 qui
346 1197 399 1258 bas
414 1198 466 1256 tibi
475 1197 575 1255 literas
584 1195 691 1270 reddit,
704 1196 816 1276 pntnus
825 1215 880 1268 nos
890 1194 988 1258 Rhodi
1002 1197 1125 1277 excepit.
1147 1198 1218 1260 Pro-

123 1287 218 1349 fectus
237 1273 334 1348 autem
353 1297 400 1347 est
418 1287 549 1347 Athenas
564 1288 602 1347 ob
622 1287 772 1366 negotium
791 1289 869 1347 senis
883 1287 1036 1366 cujusdam
1053 1290 1147 1350 affinis
1164 1293 1221 1364 sui,

124 1381 277 1458 pecuniam
291 1379 461 1440 redacturus
475 1399 494 1438 a
508 1378 667 1438 Charmola
680 1379 836 1439 mensorio.
868 1379 944 1438 Eum
957 1379 1045 1456 igitur
1057 1380 1221 1444 humaniter

123 1470 251 1548 excipias
265 1471 362 1531 velim.
384 1469 439 1530 Est
459 1480 556 1531 autern
568 1470 688 1528 rninirne
701 1468 855 1542 delicatus,
870 1479 900 1529 et
920 1469 1004 1529 nobis
1018 1471 1135 1548 dignus.
1166 1473 1222 1532 Cui

126 1562 230 1622 ceteris
244 1564 331 1624 etiam
345 1563 375 1622 in
388 1563 475 1622 rebus
494 1554 615 1642 operam
637 1563 777 1622 natabis:
799 1570 833 1620 ut
853 1561 1007 1640 intelligat,
1031 1581 1062 1622 se
1075 1562 1222 1624 homiuem

125 1654 288 1733 excepisse,
301 1657 403 1716 amicis
417 1675 476 1715 nou
489 1655 577 1736 plane
591 1654 775 1726 destitutum,
793 1653 846 1714 sed
861 1651 983 1714 Athenis
1003 1671 1110 1717 nomeu
1124 1655 1223 1716 adhuc
1315 1673 1317 1678 ·

127 1745 258 1824 aliquod,
273 1757 305 1810 et
317 1748 486 1811 memoriam
495 1747 643 1808 AEschinis
654 1756 780 1808 exstare.
863 1800 867 1809 .

418 1955 489 2015 Vll.
511 1955 691 2017 SENATUI
712 1953 975 2028 POPULOQUE.

162 2095 273 2158 Audiri
286 2116 354 2178 quia
364 2097 545 2179 Melanopus
560 2099 640 2184 apud
650 2119 704 2160 vos
719 2099 834 2174 dixerit,
845 2109 1030 2180 vestramque
1040 2102 1159 2182 probavi
1170 2101 1225 2162 hu-

127 2191 317 2251 manitatem:
340 2192 501 2273 Melanopo
515 2201 614 2252 autem
630 2213 678 2252 me
697 2213 758 2253 non
777 2195 867 2254 modo
885 2213 1032 2254 reversum
1056 2195 1094 2253 ad
1114 2215 1167 2254 ros
1181 2191 1228 2254 di:

129 2301 217 2362 gnam
226 2295 293 2344 acta
305 2283 369 2363 ejus
383 2283 445 2345 vita
453 2285 580 2364 gratiam
593 2283 755 2343 relaturum
775 2285 908 2361 arbitror,
923 2284 976 2345 sed
988 2287 1120 2364 quamvis
1133 2286 1229 2365 patria

128 2393 231 2434 curem
246 2375 355 2446 adhuc,
368 2386 468 2434 emen
481 2384 515 2434 ut
526 2392 580 2454 par
594 2373 650 2434 sim
664 2374 807 2446 fortassis,
823 2393 941 2454 operam
955 2375 1043 2436 dabo.
1066 2369 1144 2436 Nam
1163 2396 1231 2458 ego,

44 2528 50 2536 ,
130 2464 304 2544 Melanope,
326 2465 491 2546 secundum
510 2465 594 2540 leges
609 2463 666 2524 hac
679 2484 728 2526 ma
750 2465 919 2526 calamitate
940 2485 1005 2526 esse
1018 2485 1105 2526 usum
1117 2468 1230 2528 fateor:

129 2553 275 2618 accidisse
288 2553 359 2613 mihi
372 2563 471 2613 tamen
479 2553 538 2612 hoc
551 2553 635 2633 leges
645 2553 827 2626 defendenti,
837 2569 927 2634 atque
936 2556 971 2619 id
987 2559 1097 2636 agenti,
1111 2579 1150 2619 ne
1165 2563 1232 2640 quis

130 2661 233 2711 contra
246 2667 297 2710 eas
310 2667 420 2709 corona
432 2647 600 2728 donaretur.
633 2645 785 2707 Adversus
799 2647 887 2727 igitur
897 2647 927 2705 in
938 2649 1069 2726 gerenda
1082 2651 1234 2730 repubb'ca

130 2743 217 2802 casus
237 2759 407 2801 communes
429 2738 501 2800 mihi
518 2737 645 2799 est'cunr
658 2730 867 2812 Themistocle,
888 2748 918 2799 et
931 2739 1069 2814 Aristide,
1084 2750 1115 2801 et
1133 2745 1234 2804 multis

132 2833 206 2908 aliis,
220 2852 344 2912 quorum
358 2849 489 2893 sommus
503 2833 534 2891 in
543 2832 615 2891 urbe
630 2831 772 2913 splendor
785 2833 859 2893 fuit:
881 2829 1065 2892 illudentem
1078 2832 1232 2914 quodjam

131 2935 225 2986 mater
238 2935 291 2985 tua
310 2923 363 2985 tibi
380 2934 497 3005 praeest,
511 2924 636 3004 quinon
654 2925 697 2985 ita
708 2919 823 3005 pridem
848 2926 923 2984 inter
943 2923 1073 2985 sexriros
1091 2924 1183 3001 fuisti,
1204 2935 1235 2986 et

132 3027 214 3097 pater
227 3023 296 3076 tuus'
317 3028 362 3077 ter
382 3016 412 3074 in
433 3035 580 3078 carcerem
602 3017 754 3095 conjectus
776 3025 832 3092 est,
845 3026 878 3077 tu
892 3027 990 3078 autem
1011 3017 1059 3077 bis
1073 3014 1152 3076 mille
1166 3017 1234 3078 dra·

132 3110 226 3170 chmis
239 3108 436 3182 renundatus,
450 3109 552 3170 florem
565 3109 661 3170 aetatis
675 3119 733 3169 tuae
744 3129 803 3169 una
816 3129 885 3170 curn
900 3107 1050 3170 Timarchi
1065 3109 1233 3189 gregalibus

132 3202 371 3261 adolescentibus
384 3201 568 3279 prostituisti,
582 3202 647 3260 hoec
667 3203 721 3261 tibi
742 3223 802 3261 non
818 3201 881 3281 jam
895 3221 962 3263 esse
982 3203 1150 3263 communia
1166 3222 1235 3262 cum

134 3290 341 3364 Themistocle,
359 3300 392 3349 et
411 3289 540 3349 Aristide
548 3291 632 3369 justo
646 3291 792 3351 existimo.
815 3290 876 3350 Sed
896 3311 965 3351 curn
979 3293 1062 3353 vobis
1076 3291 1238 3374 aliquando
1252 3323 1254 3330 ·

133 3385 229 3447 visum
256 3384 354 3456 luerit,
381 3381 479 3441 denuo
506 3400 605 3440 coram
626 3399 695 3440 cum
719 3381 881 3460 Melsnopo
902 3401 1007 3460 agam:
1032 3403 1114 3446 nunc
1138 3395 1236 3447 autern

132 3476 217 3538 robis
230 3475 267 3534 de
281 3472 496 3544 benevolentia,
510 3489 599 3550 quam
613 3469 729 3530 absenti
750 3468 820 3530 mibi
840 3473 1028 3550 praestitistis,
1049 3493 1116 3532 cunr
1138 3477 1238 3535 obtur-¹

133 3567 251 3640 heretis,
272 3573 303 3625 et
323 3564 423 3625 audire
445 3563 563 3623 nolletis
585 3579 647 3636 eos,
668 3561 718 3642 qni
738 3561 825 3624 nobis
847 3562 1074 3637 maledicebant,
1098 3575 1237 3645 magnam

134 3661 231 3719 habeo
245 3659 380 3738 gratiam.
416 3655 539 3734 AEquirn
553 3664 652 3715 tamen
666 3662 697 3714 et
719 3655 823 3714 melius
843 3653 941 3727 fuerit,
957 3672 1005 3716 me
1025 3657 1123 3735 ipsum
1143 3659 1237 3720 sinere

135 3749 315 3831 respondere
328 3747 585 3820 conviciatoribus,
598 3747 634 3806 iis
648 3744 786 3820 decretis,
799 3763 866 3824 quae
884 3761 964 3826 saepe
977 3744 1077 3808 mullis
1098 3751 1159 3828 jam
1184 3749 1236 3810 de·

136 3842 283 3922 crevistis,
296 3841 347 3921 qui
360 3839 487 3901 maxima
505 3839 535 3897 in
548 3857 601 3899 ros
618 3847 744 3920 peccata
757 3838 985 3899 commiserunt:
1006 3840 1054 3900 sin
1067 3841 1175 3912 mnus,
1191 3851 1239 3902 se'·'

137 3933 237 3994 cundo
249 3933 316 3993 loco
332 3943 386 3992 ros
404 3941 503 3993 oratos
523 3927 603 4003 solo,
621 3936 656 3990 ut
669 3930 770 4011 potius
786 3927 947 3992 maledicos
971 3941 1087 3993 nostros
1101 3933 1238 4014 audiatis,

137 4027 227 4106 quain
242 4024 424 4105 gratificandi
447 4024 545 4104 specie
566 4017 810 4088 conviciatoribus
834 4039 893 4083 non
912 4021 1078 4097 audiendis,
1099 4019 1239 4103 gravioris

139 4117 253 4197 injurie
266 4117 381 4178 faciatis
390 4117 597 4195 suspicionem,
607 4134 696 4195 quam
709 4133 777 4194 que
790 4112 849 4177 dici
861 4117 1027 4178 verecunde
1039 4116 1143 4197 possit.

643 4293 729 4380 vin.

177 4439 222 4498 Tu
233 4438 352 4517 quidem
364 4439 509 4516 haatems
520 4460 579 4502 non
590 4438 748 4521 provenisti
757 4438 799 4500 ad
808 4455 876 4514 nos,
885 4437 938 4502 scd
947 4440 1115 4514 marbonei
1119 4436 1242 4517 judicia,
1275 4511 1278 4518 ι
