2967 5017
265 325 324 389 660
480 328 524 390 ΙΝ
545 327 753 390 annuunt
772 329 830 392 ΕΤ
850 329 1150 394 ΜΝΕΒῙΒΠιΰΜ.’

264 482 304 544 sd
317 483 495 562 preprium,
509 484 579 546 dum
592 485 832 568 introduceretur,
843 505 991 566 nusquam
1007 487 1163 568 quicquam
1179 483 1364 548 contradixit

263 576 294 636 in
316 575 439 656 jndicio,
464 597 558 657 neque
582 580 720 658 cuiquam
742 579 824 640 litem
846 581 1057 660 meritusque
1078 597 1244 659 quenquam
1266 577 1359 640 adum

263 667 371 729 babere
392 689 464 730 rasa
487 671 621 742 asseruit,
635 681 732 751 neque
755 691 840 732 ease
857 669 980 732 reddere
1003 682 1138 752 oportere
1161 672 1289 750 negarit,
1302 670 1360 731 sed

264 769 367 821 contra
380 781 412 821 se
426 763 493 822 ferri
514 765 685 824 sententiam
700 784 807 844 passus
821 775 883 825 est:
904 784 1003 824 verum
1018 786 1034 825 e
1047 764 1182 844 praetorio
1201 763 1360 842 degressus

264 853 355 914 nihilo
369 856 462 934 magis
483 853 626 930 reddidit:
650 856 703 916 sed
718 857 742 917 si
755 877 788 917 se
801 857 999 929 subduxisset,
1013 857 1108 916 donec
1121 875 1178 934 ego
1189 875 1258 915 cum
1275 855 1360 916 navi·

263 947 319 1006 bus
333 946 471 1019 abissem,
486 959 517 1008 et
529 969 562 1008 se
575 948 604 1008 in
618 949 776 1029 praesentia
788 951 918 1028 quietum
935 950 996 1010 fore
1009 950 1131 1030 putavit,
1145 960 1176 1008 et
1189 968 1298 1008 moram
1311 949 1359 1008 in·

263 1047 466 1115 tcrcessuram,
477 1053 507 1102 et
524 1063 580 1114 me,
596 1063 662 1121 quse
682 1043 744 1123 ipse
758 1044 885 1103 debebat
898 1054 1088 1114 armamenta,
1101 1053 1238 1104 coactum
1251 1043 1286 1104 iri
1297 1042 1361 1104 buc

263 1153 408 1196 reversum
427 1137 539 1216 reipub.
561 1137 692 1210 reddere,
706 1147 759 1196 aut
782 1139 955 1209 successori,
968 1137 1018 1216 qui
1031 1157 1048 1197 e
1061 1138 1155 1198 classe
1171 1155 1275 1197 narem
1290 1156 1360 1197 eam

263 1227 423 1289 sortiretur.
466 1229 545 1298 Quid
567 1230 643 1289 enirn
665 1240 767 1289 contra
786 1229 866 1289 illum
880 1230 976 1289 dicere
993 1230 1164 1309 potuissem,
1178 1229 1302 1290 decretis
1326 1237 1360 1288 et

260 1316 373 1397 legibue
384 1321 597 1392 ostendentem,
608 1322 711 1381 debere
722 1341 768 1380 me
779 1333 959 1383 armamenta
972 1322 1131 1382 exhiberet
1150 1321 1359 1399 Theopbesnus

260 1420 369 1484 autem,
382 1412 534 1491 interjecta
548 1433 638 1482 more,
654 1414 678 1472 si
693 1412 899 1492 postulassem,
911 1414 1043 1473 dicturus
1059 1413 1116 1473 fuit
1129 1434 1161 1473 se
1171 1413 1357 1481 reddidisse:

261 1517 291 1564 et
304 1504 349 1565 liis
362 1506 452 1583 signis
467 1504 638 1565 redditionis
652 1506 993 1584 ebusurus,temporibus
1005 1515 1035 1564 et
1049 1506 1244 1564 necessitates
1258 1524 1356 1583 neque

261 1617 308 1656 me
321 1597 366 1658 rel
380 1598 512 1671 stultum,
526 1600 572 1660 vel
593 1599 646 1659 sibi
668 1619 796 1678 unquam
816 1599 942 1657 amicum
961 1597 1108 1667 fuissent
1125 1595 1214 1682 ullam
1235 1597 1356 1657 interce·

261 1689 331 1750 dere
345 1710 466 1763 moram,
479 1710 568 1769 quum
582 1701 612 1752 et
625 1691 768 1752 triremem
779 1690 889 1768 reipub.
904 1689 1086 1759 instruerem,
1097 1698 1127 1748 et
1139 1688 1244 1748 classis
1258 1708 1354 1749 essem

261 1794 386 1856 curator,
400 1794 431 1844 et
442 1784 512 1845 talia
526 1784 643 1845 decreta
657 1779 737 1844 facta
751 1795 859 1855 essent,
872 1793 903 1841 et
923 1782 972 1841 lex
993 1782 1053 1841 lata
1069 1780 1111 1842 dc
1127 1780 1284 1858 exigendo,
1300 1800 1356 1840 sos

260 1893 350 1935 causa
363 1897 469 1956 passus
483 1891 589 1939 essem.
631 1878 698 1937 Hoc
709 1875 832 1936 consilio
841 1874 1045 1953 'l'heopbensus
1055 1883 1115 1931 tum
1129 1872 1247 1950 quidem
1261 1893 1354 1933 arma·

260 1979 359 2027 menta
373 1988 430 2029 non
443 1969 595 2039 reddebat,
616 1968 668 2028 sed
682 1987 714 2027 se
733 1967 930 2032 subduxeram
951 1976 1020 2044 post
1033 1974 1131 2024 autem
1150 1965 1355 2026 fraudaturum

259 2061 399 2138 putabat:
429 2060 466 2119 ad
490 2059 565 2130 hoec,
585 2060 623 2120 ad
641 2058 847 2135 jusjurandum
874 2058 1046 2136 confugiens
1068 2057 1154 2116 facile
1175 2063 1354 2136 pejeraturus

259 2148 325 2220 fuit,
343 2149 373 2207 id
387 2150 466 2228 quod
479 2160 510 2209 et
523 2150 586 2210 aliis
600 2150 677 2210 fecit.
718 2149 797 2209 Mira
809 2150 884 2208 enim
895 2153 958 2223 ejus
973 2148 1093 2208 avaritia
1105 2159 1152 2208 est
1163 2161 1195 2208 et
1206 2151 1355 2228 rapacitas

258 2240 288 2299 in
300 2243 506 2316 contractibus,
520 2253 554 2302 ut
566 2262 623 2322 ego
637 2243 720 2302 vobis
734 2242 828 2320 reipsa
846 2240 1063 2301 demonstrabo.
1104 2241 1181 2298 Cum
1193 2241 1270 2298 enim
1289 2244 1356 2304 hese

234 2375 239 2386 .
259 2345 441 2394 armamenta
464 2337 586 2395 deberet
607 2333 720 2414 reipub.
741 2334 958 2414 llseophemus,
974 2353 1010 2393 ea
1030 2334 1120 2392 verbo
1133 2332 1172 2392 ad
1184 2333 1358 2411 Aphareum·

258 2426 411 2497 referebat,
427 2447 512 2505 quem
526 2447 556 2486 re
569 2428 599 2486 in
609 2431 658 2502 jus
671 2446 730 2487 nou
753 2428 885 2495 vocabat,
899 2426 979 2505 quod
998 2427 1069 2486 satis
1089 2425 1203 2487 sciebat
1220 2447 1253 2486 se
1268 2447 1351 2493 meu·¹

258 2519 333 2578 dacii
346 2520 510 2579 convictum
524 2521 568 2593 iri,
585 2520 609 2579 si
623 2521 653 2580 in
659 2519 804 2601 judicium
815 2519 954 2580 venisset.
994 2519 1148 2599 Apbsreus
1158 2521 1236 2579 enim
1250 2531 1352 2596 osten,-

257 2609 355 2683 debat,
375 2631 442 2671 euin
463 2613 625 2673 sestimasse
649 2625 827 2673 armamenta
849 2625 889 2684 et,
908 2631 976 2672 cum
1003 2610 1127 2672 triremis
1147 2612 1350 2690 prefecturam

256 2703 376 2778 subiret,
398 2705 521 2785 pretium
543 2705 698 2786 recepisse.
740 2706 829 2766 Nunc
849 2714 945 2766 sutem
960 2725 997 2764 ea
1017 2725 1050 2764 se
1064 2704 1240 2765 Demochari
1259 2708 1348 2767 tradi-

255 2795 334 2858 disse
349 2797 426 2870 dicit,
444 2807 475 2858 et
486 2817 591 2878 pueros
613 2798 807 2860 Democharis
820 2798 972 2878 injudicio
990 2796 1130 2875 exagitat,
1148 2798 1199 2858 illo
1213 2810 1347 2860 mortuo:

254 2905 354 2970 quem,
368 2891 437 2952 dum
448 2891 566 2965 viveret,
580 2891 608 2952 in
619 2893 668 2972 jus
682 2910 741 2951 non
754 2892 870 2952 vocavit
879 2889 1096 2969 Theopbemus,
1109 2910 1155 2950 me
1168 2903 1348 2952 armamenta

255 2985 293 3044 ab
305 3005 341 3044 eo
354 2985 528 3066 postulante,
543 2988 596 3046 sed
610 3005 698 3044 morse
712 2982 929 3068 interponendre
944 3001 1062 3042 carmus
1076 2985 1235 3061 queritans
1252 3005 1346 3045 urua-

253 3077 359 3137 mentis
379 3077 514 3137 fraudere
533 3078 664 3156 rempub.
677 3075 811 3135 instituit.
853 3075 895 3133 Ut
908 3085 1006 3135 autem
1024 3095 1093 3135 vera
1107 3076 1261 3138 mediocre
1274 3098 1345 3139 con·

254 3177 322 3242 stet,
336 3169 500 3228 testimonia
509 3167 591 3226 vobis
605 3166 749 3246 legentur.

662 3367 929 3429 TESTIMONIA.

295 3513 344 3572 10.
366 3509 440 3572 trec
450 3527 518 3571 cum
530 3529 588 3590 ego
597 3511 695 3572 omnia
704 3512 875 3591 cogitarem,
885 3521 916 3572 et
929 3512 1057 3574 audirem
1068 3535 1104 3576 ex
1113 3514 1148 3574 iis
1162 3517 1343 3594 quibuscum

253 3603 443 3684 Theophemo
456 3623 503 3664 res
518 3602 624 3674 fuerat,
639 3623 697 3684 quo
711 3614 791 3664 esset
804 3605 835 3662 in
848 3605 1050 3667 controversiis
1066 3606 1193 3686 ingenio,
1207 3618 1237 3669 et
1249 3629 1342 3672 arma·

251 3708 350 3758 menta
364 3698 401 3757 sb
413 3715 449 3755 eo
464 3715 523 3755 non
541 3695 707 3776 reciperem,
730 3697 841 3756 accessi
854 3697 892 3756 ad
912 3697 1012 3758 classis
1025 3701 1192 3779 prefectos,
1206 3701 1245 3762 ad
1259 3722 1342 3763 sena·

250 3801 322 3863 turn,
337 3791 375 3850 ad
388 3788 539 3870 populum,
551 3808 735 3867 conquerens
749 3809 808 3848 non
828 3789 952 3851 reddere
973 3791 1042 3872 milri
1056 3805 1236 3854 armamenta
1247 3795 1342 3856 Theo·

249 3883 398 3963 phemum,
408 3903 474 3964 quta
483 3882 595 3963 judicio
607 3883 699 3942 victus
713 3882 851 3942 deberet:
873 3883 1053 3944 accedebant
1072 3895 1103 3945 et
1122 3887 1171 3946 alii
1183 3887 1341 3948 triremium

247 3976 377 4054 prefecti
388 3975 427 4036 sd
441 3987 584 4047 senatum,
597 3975 647 4054 qui
661 3974 863 4036 adebentibus
877 3987 1057 4038 mmamenta
1069 3998 1129 4039 non
1142 3980 1339 4060 accipiebant:

247 4068 348 4129 multis
368 4069 465 4149 itaque
478 4070 573 4131 serbis
594 4069 688 4139 factis,
701 4083 821 4131 senatus
840 4071 924 4130 nobis
942 4069 1061 4131 decreto
1081 4072 1247 4151 respondet,
1260 4073 1339 4154 quod

247 4159 329 4222 vobis
340 4163 515 4239 recitabitur,
525 4175 569 4238 ut,
581 4179 756 4243 quocunque
774 4161 863 4223 modo
877 4181 1039 4242 possemus,
1052 4163 1245 4245 exigeremus.

668 4333 913 4398 DECRETUM.

247 4421 339 4526 Facto
351 4463 408 4525 hoc
421 4463 542 4528 decreto
555 4468 585 4527 in
599 4475 714 4540 senatu,
727 4467 808 4548 quod
824 4485 844 4529 a
857 4467 972 4530 nemine
984 4469 1155 4530 violsmmm
1167 4469 1268 4550 legum
1289 4487 1337 4532 sc·
