2967 5017
238 299 299 360 674
576 297 619 360 tu
640 297 997 360 otrrtr‘rouottutt.

239 470 340 517 mass
358 453 477 534 exlege
497 454 548 534 qni
565 453 980 518 omum-homuntionem
1020 449 1334 611 Rseitsnihileysn,

239 567 276 610 ex
289 567 348 628 qua
361 547 461 612 citatio
474 547 555 610 lecto
566 558 623 610 est.

746 742 835 800 tux,

241 875 288 944 Ex
299 883 356 946 hac
369 884 445 968 lege,
459 885 591 962 Judices,
605 888 704 949 citatio
718 887 798 948 lacta
814 895 869 958 est,
887 893 918 944 et
939 882 1069 944 actiones
1090 881 1229 942 institutus
1246 891 1335 962 prout

240 975 451 1058 Olympiodoro
465 980 560 1041 visum
575 981 640 1040 tuit
682 979 792 1039 Postea
812 985 918 1060 pretor
934 975 965 1035 in
979 994 1080 1035 omnes
1094 972 1275 1033 adversarios
1288 973 1334 1032 in-

238 1069 375 1149 quisivit;
387 1089 480 1150 esque
490 1071 675 1152 inquisitione
690 1080 817 1152 peracta,
832 1066 950 1129 eosdem
965 1067 994 1125 in
1004 1065 1147 1146 judicium
1161 1063 1335 1127 introduxit.

239 1165 316 1224 Cum
334 1175 432 1224 autern
447 1164 674 1247 Olympiodorus
697 1163 808 1244 primus
821 1170 931 1242 ageret,
947 1169 978 1220 et
989 1157 1130 1240 quicquid
1143 1169 1206 1218 eret
1219 1155 1334 1217 libitum

239 1253 359 1329 diceret,
372 1267 405 1316 et
417 1257 583 1317 testimonia
596 1255 749 1336 proferret,
760 1252 884 1335 proutei
901 1250 1068 1311 contuitum
1082 1247 1251 1308 videbatur:
1267 1268 1334 1328 ego,

238 1346 371 1422 ludices,
394 1347 498 1409 tacitus
521 1347 659 1408 sedebam
682 1347 712 1407 in
736 1347 827 1406 altero
846 1342 995 1403 subsellio.
1044 1340 1092 1400 Ad
1111 1339 1190 1400 hunc
1214 1339 1334 1399 modum

195 1504 199 1513 ,
238 1439 381 1500 instructa
393 1449 423 1499 st
434 1448 604 1521 comparata
615 1438 740 1512 actione,
753 1439 810 1498 iste
821 1435 906 1497 facile
918 1435 998 1495 vicit.
1041 1433 1109 1504 Quo
1122 1433 1240 1504 victore,
1251 1444 1334 1493 voto·

239 1549 301 1590 mm
318 1530 448 1592 omnium
471 1531 542 1592 lecti
561 1539 710 1612 compotes
728 1529 760 1590 iu
777 1527 890 1611 jndicio
909 1546 1020 1600 sumus,
1034 1525 1213 1605 recuperatis
1226 1526 1263 1584 ab
1276 1524 1335 1584 isto

239 1621 274 1684 iis
295 1643 362 1704 ques
384 1623 542 1686 sdusrserii
563 1645 582 1685 a
600 1623 683 1685 nobis
698 1623 899 1685 abstulerant:
920 1641 987 1700 qum
1001 1641 1069 1682 cum
1083 1619 1181 1681 omnia
1194 1637 1254 1679 una
1267 1637 1335 1680 curn

239 1714 365 1796 pecunia
379 1736 498 1797 quomo
516 1737 597 1779 seruo
614 1726 779 1779 extorserat
797 1726 919 1790 teneret,
932 1714 1003 1775 nihil
1026 1734 1145 1795 prorsus
1161 1713 1237 1792 sequi
1260 1733 1334 1793 prm·

240 1817 318 1870 stare
332 1807 401 1869 mihi
419 1809 529 1881 voluitz
552 1811 603 1872 sed
624 1811 689 1890 ipse
707 1810 799 1890 habet
814 1809 920 1880 omnis,
935 1809 1067 1890 quamvis
1080 1818 1110 1868 et
1122 1807 1208 1866 fidem
1223 1803 1339 1866 dederit

239 1908 322 1960 etse
344 1919 381 1960 ex
403 1922 489 1982 requo
512 1923 628 1966 mecum
649 1903 767 1963 omnino
784 1901 942 1962 divisurum
960 1899 1113 1980 pepigerit.
1155 1899 1230 1968 Quae
1248 1908 1338 1979 pacta

240 1993 399 2052 etiamnum
413 1993 493 2073 apud
506 1993 713 2053 Androclidem
728 1993 785 2054 sita
803 2003 883 2066 sunt,
896 1993 946 2071 qui
964 1990 1043 2072 apud
1056 2011 1107 2051 vos
1126 1991 1188 2070 ipse
1205 1990 1338 2051 testimo·

240 2081 320 2142 nium
346 2082 428 2144 dixit.
470 2083 531 2144 Sed
551 2097 582 2146 et
602 2083 640 2144 de
653 2085 766 2146 caeteris
784 2103 852 2164 quae
870 2083 931 2144 disi
943 2083 1076 2143 omnibus
1090 2083 1256 2144 testimonie
1269 2104 1338 2164 pro·

240 2173 341 2246 leram,
355 2193 390 2235 sc
402 2177 525 2255 primurn
540 2176 578 2238 de
588 2178 639 2237 illo
652 2177 732 2258 quod
746 2179 784 2238 ab
796 2176 877 2237 initio
891 2168 1005 2258 qestum
1017 2188 1072 2247 est,
1087 2196 1153 2236 cum
1167 2196 1223 2256 ego
1238 2187 1269 2237 et
1281 2177 1339 2238 iste

241 2279 391 2350 nostropte
409 2269 522 2350 judicio
545 2281 576 2332 st
599 2271 746 2332 sententia
767 2269 864 2350 partiti
888 2268 996 2329 luimus
1021 2289 1058 2329 ex
1075 2286 1171 2348 sequo,
1195 2269 1340 2348 quicquid

240 2359 457 2420 manifestorum
479 2363 650 2423 facultatum
674 2363 780 2424 Conon
807 2361 980 2444 reliquisset.
1027 2359 1156 2422 Primum
1180 2361 1238 2422 hoc
1262 2383 1338 2446 cape

241 2451 447 2528 testimonium,
460 2451 565 2515 deinde
579 2453 676 2516 omniu
689 2454 789 2536 legito.

633 2684 938 2746 TESTIMONIUM.

243 2833 326 2916 Cape
343 2845 375 2897 et
394 2839 642 2917 provocationem,
655 2860 714 2920 qua
736 2860 804 2901 eum
826 2838 982 2920 provocavi
1003 2840 1042 2900 de
1062 2839 1198 2914 nummis,
1214 2861 1287 2921 quos
1299 2843 1338 2902 ab

242 2925 358 2989 homins
371 2927 421 2990 illo
435 2951 488 3012 per
500 2931 677 3011 questiones
690 2942 862 2994 extorserat.

653 3132 932 3196 Prtovocsuto.

245 3265 324 3347 lege
337 3279 368 3329 et
380 3268 504 3330 alterum
518 3271 725 3348 testimonium,
746 3293 806 3354 quo
825 3274 990 3334 declaratur
1012 3264 1192 3336 adversarios
1210 3286 1338 3350 nostros,

244 3379 311 3420 cum
324 3360 523 3424 hereditatem
542 3363 744 3439 obtinuissent,
760 3367 914 3428 abstulisse
934 3368 1029 3429 omnis
1049 3389 1116 3448 quse
1129 3389 1182 3429 nos
1195 3369 1338 3431 habuera-

245 3467 320 3528 tnus,
341 3464 448 3560 prester
470 3457 624 3536 pecuniam
647 3479 736 3539 quarn
760 3459 987 3543 olympiodorus
1012 3461 1050 3522 eb
1076 3463 1192 3524 homine
1214 3463 1265 3523 illo
1284 3481 1338 3544 per

245 3557 421 3628 questiones
436 3559 606 3612 extorserat.

630 3743 943 3820 TESTIMONIUM.

246 3879 499 3946 Quemadmodum
513 3884 611 3966 igitur,
625 3886 759 3961 Judices,
772 3887 942 3950 manifestas
956 3889 1085 3950 Cononis
1107 3890 1263 3950 facultates
1281 3909 1339 3970 epo

245 3981 277 4032 et
291 3973 518 4055 olympiodorus
542 3975 736 4054 diviserimus,
748 4001 786 4042 ex
808 3981 940 4042 oratione
961 3992 1062 4042 nostra
1081 3993 1146 4042 ete
1166 3983 1340 4047 testimomis

246 4064 408 4140 audivistis,
421 4069 495 4130 illud
518 4069 589 4132 item
611 4073 801 4152 cognovistis,
815 4073 903 4136 utum
922 4075 1079 4154 pecuniam
1092 4077 1130 4136 ab
1141 4076 1259 4137 homine
1277 4077 1339 4152 illo,

246 4172 362 4216 serrium
376 4157 455 4239 dico,
467 4162 626 4250 accepisse,
641 4175 671 4224 et
687 4164 870 4227 adremarios
884 4185 1070 4246 quecunque
1083 4186 1139 4228 nos
1152 4179 1340 4232 tenueramus

245 4263 416 4326 occupasse,
430 4251 544 4316 donec
536 4265 591 4318 rste
604 4275 705 4318 rursus
716 4258 787 4318 vicit
806 4257 984 4338 injudicio:
1004 4261 1076 4340 quid
1094 4281 1162 4323 vero
1174 4274 1341 4343 pretextat,

245 4343 298 4402 our
317 4340 387 4402 mihi
412 4343 483 4408 nilril
504 4347 627 4412 reddere
643 4366 739 4432 neque
756 4349 834 4430 sequi
850 4351 1007 4432 quicquan
1028 4365 1167 4434 prestare
1188 4357 1271 4432 velit,
1293 4359 1339 4420 luis
