2967 5017
421 337 614 404 ΗΟΙΒΙΑ
632 337 899 404 concionum.
1139 339 1198 402 tlt

105 491 273 574 imum
294 503 414 578 prepter
434 505 545 560 enters
563 503 665 560 neser
686 495 768 558 mb‘m
793 489 1090 576 pmlsmleoinum,
1110 507 1202 572 olm

105 585 208 649 dende
224 599 270 651 est
281 599 317 650 ut
328 589 464 655 omnibus
485 588 651 652 bominibus
672 587 875 662 osundemm,
887 605 943 650 nos
957 584 1009 666 qui
1024 595 1056 658 st
1076 581 1202 646 sumbeo

104 688 137 739 st
149 698 230 743 nune
242 691 400 764 etrsmper
412 682 544 751 oolender
563 681 686 762 justitio
705 690 737 744 et
759 681 850 743 eimns
868 693 899 742 et
915 677 1056 742 brerimur
1068 675 1202 752 studiosi,

105 770 232 834 eliorum
252 775 448 853 quorundam,
465 775 516 855 qni
528 793 598 836 snos
614 775 695 836 eim
707 773 872 854 opprimere
891 771 1032 834 urritnte
1049 777 1202 845 oonentur,

104 865 168 944 peti
179 865 344 930 columniis.

596 995 709 1055 xxlv.

147 1109 180 1170 Si
199 1109 303 1173 iisdem
323 1111 438 1194 animis,
458 1113 666 1186 Athenienses,
679 1121 709 1173 et
732 1111 948 1172 consulentium
961 1109 1107 1174 orationes
1120 1108 1202 1172 sudi*

106 1201 187 1278 retis,
197 1214 228 1265 et
236 1205 300 1286 ipse
310 1205 432 1286 negotis
438 1205 622 1286 judicaretis,
635 1203 763 1264 omnium
774 1201 953 1266 tutissimum
962 1213 1043 1264 esset
1051 1203 1121 1262 dare
1131 1220 1203 1262 con·

107 1295 181 1357 silis.
222 1295 300 1360 Nem
314 1300 340 1359 si
359 1297 481 1359 feliciter
498 1296 696 1378 proeclsreqne
708 1295 1022 1375 cecidisset-semper
1034 1294 1114 1356 enim
1125 1295 1202 1356 bene

106 1382 295 1456 ominsnddm
315 1398 523 1461 ert—ereptus
546 1407 636 1452 censs
653 1398 713 1450 tm
730 1389 813 1450 uobis
835 1407 924 1470 qnam
938 1388 1050 1452 sessori
1062 1407 1102 1448 ex
1116 1407 1203 1465 oequo

105 1477 330 1550 adscriberetur.
372 1481 461 1549 Nune
482 1500 544 1555 eos,
557 1481 607 1564 qui
630 1499 763 1561 queres
776 1479 864 1542 vultis
886 1479 998 1556 dicunt,
1011 1477 1203 1552 libentissime

104 1571 237 1652 truditis:
257 1573 435 1654 eosdemque
452 1593 530 1654 ssepe
542 1584 576 1635 ιιι
586 1574 771 1654 impostores,
785 1573 810 1632 si
824 1571 895 1651 quid
908 1572 983 1642 forte
997 1591 1083 1640 secus
1097 1569 1205 1634 eccidit

103 1680 196 1741 quem
208 1681 261 1723 vos
273 1663 399 1736 velletis,
412 1667 570 1739 accusetis,
583 1683 644 1726 nen
663 1673 844 1746 reputantes,
857 1663 889 1724 in
907 1663 1136 1748 uniuscujusque
1149 1681 1203 1748 po-

103 1762 215 1814 testate
237 1773 314 1828 esse,
328 1767 367 1824 ut.
385 1765 415 1816 et
436 1757 564 1839 inquiret
579 1769 611 1818 et
622 1754 766 1837 questum
780 1755 908 1816 humano
921 1753 1043 1816 consilio
1057 1753 1202 1833 provideri

102 1855 205 1926 potest
217 1846 328 1926 optime
341 1849 459 1930 cogitet,
470 1849 634 1930 eodemque
647 1848 728 1930 opud
740 1867 792 1908 vos
806 1857 943 1928 exponet,
955 1859 988 1908 ut
1002 1857 1100 1914 eutem
1114 1846 1201 1910 etiem

104 1946 246 2018 gernntm
263 1938 441 2024 feliciterque
453 1941 626 2015 succedent,
643 1939 672 1998 id
685 1940 813 2002 maxime
825 1960 862 2000 ex
874 1951 957 2024 perte
970 1960 989 2002 e
1002 1939 1118 2002 fortune
1127 1958 1203 2020 pene

104 2029 186 2092 dere.
227 2031 294 2093 Nou
310 2042 355 2093 est
368 2042 465 2094 entem
479 2033 517 2093 eb
530 2033 647 2094 bomine
660 2033 728 2116 plus
747 2031 954 2111 requirendum
968 2051 1056 2112 qnam
1067 2042 1103 2093 ut
1115 2031 1204 2115 culpe

104 2132 229 2207 proestet
252 2125 355 2202 suique
379 2126 493 2186 consilii
514 2125 658 2187 rationem
679 2125 794 2198 reddat,
808 2143 909 2186 verum
929 2125 1055 2184 somnne
1069 2123 1157 2185 etism
1170 2135 1204 2191 ut

104 2215 180 2279 ratio
201 2215 349 2288 reddetur,
362 2216 393 2290 id
416 2216 480 2278 fieri
502 2218 618 2279 omnino
638 2217 718 2278 houd
737 2227 845 2299 potest.
888 2217 977 2284 Quod
1002 2216 1027 2282 ei
1050 2215 1204 2298 discipline

106 2308 243 2388 quapiam
268 2309 406 2370 traditum
430 2320 510 2372 esset
530 2329 568 2375 so
595 2320 775 2394 perceptum,
800 2329 861 2390 que
880 2309 992 2370 ratione
1015 2307 1159 2392 quispiam
1173 2318 1204 2372 et

104 2407 169 2458 tuto
183 2409 214 2460 et
226 2401 289 2460 sine
300 2402 431 2484 periculo
444 2403 676 2477 concionaretur,
687 2422 752 2464 eam
763 2401 906 2476 rationem
918 2401 1066 2484 negligere
1080 2402 1203 2461 innsninr

105 2493 211 2555 tuerit:
233 2515 300 2555 eum
314 2505 412 2556 eutem
434 2517 553 2558 necesse
567 2499 605 2559 eit
619 2517 699 2570 eum,
720 2496 771 2579 qui
784 2495 889 2568 futuris
910 2497 948 2558 de
967 2499 1053 2558 rebus
1072 2516 1204 2578 pronun·

103 2586 173 2661 cist,
186 2587 357 2668 participem
375 2607 476 2648 eornm
499 2609 565 2649 esse
584 2589 635 2667 qni
660 2599 819 2669 sequentur
841 2599 1006 2661 eventuum,
1021 2600 1061 2660 et,
1076 2587 1102 2647 ei
1123 2590 1203 2669 quod

104 2670 173 2741 inde
187 2679 298 2740 crimen
311 2680 464 2754 exstiterit,
479 2701 515 2741 eo
535 2681 652 2755 involvi,
667 2690 751 2760 turpe
771 2701 836 2741 esse
851 2682 982 2741 existimo
996 2701 1079 2742 enam
1089 2687 1202 2758 Jectere

104 2770 350 2844 benevolentiam,
362 2772 388 2833 si
400 2772 478 2855 quod
492 2781 588 2834 entem
602 2793 619 2832 e
633 2773 754 2833 consilio
767 2773 928 2853 periculum
942 2773 1120 2852 impendeat,
1134 2776 1202 2835 snb-

104 2865 264 2945 terfugere.
298 2865 380 2926 Deos
392 2857 480 2953 igitur
493 2884 604 2946 precor,
618 2875 652 2926 nt
664 2884 731 2945 quse
745 2874 776 2926 et
787 2861 913 2951 Reipub.
923 2873 954 2924 et
968 2863 1039 2926 mihi
1050 2865 1205 2954 profutura

107 2967 184 3035 sunt,
199 2975 236 3017 ea
248 2955 279 3017 in
292 2967 417 3029 mentem
431 2958 548 3019 veniant
559 2959 669 3019 etmihi
679 2967 714 3018 ut
726 2956 835 3029 dicem,
844 2965 875 3016 et
886 2955 968 3018 vobis
982 2965 1015 3016 ut
1024 2956 1200 3020 decernetis.
1299 2968 1305 2981 ‘

106 3047 184 3111 Nem
199 3049 303 3130 quovis
317 3049 405 3111 modo
418 3049 536 3112 studere
549 3051 698 3113 victoriam
712 3045 844 3133 adipisci,
853 3047 914 3108 lieri
927 3047 1010 3110 aliter
1022 3069 1081 3111 non
1092 3059 1203 3130 potest,

107 3144 175 3224 quin
200 3143 248 3204 vel
269 3144 392 3207 insenioe
413 3144 461 3206 vel
483 3149 546 3222 ejus
570 3146 619 3234 qui
643 3163 730 3205 suurn
754 3141 980 3212 emolumentum
1002 3153 1116 3224 spectet
1138 3163 1203 3225 esse

107 3254 251 3310 oensem.

608 3341 703 3402 XXV.

149 3457 227 3523 Fieri
238 3475 311 3518 sene
322 3465 432 3536 petest,
445 3456 653 3529 Atbcniermee,
665 3467 699 3517 ιιι
710 3465 744 3517 st
755 3456 787 3516 in
798 3455 834 3516 iis
848 3457 935 3517 rebus
954 3457 993 3521 de
1006 3459 1114 3535 quibus
1124 3471 1203 3522 nunc

110 3548 296 3624 subvenistis,
308 3558 340 3610 et
351 3548 383 3608 in
396 3549 511 3610 ceteris
531 3550 677 3623 omnibus,
690 3549 794 3610 oedem
812 3549 923 3630 optime
942 3559 973 3610 et
985 3549 1068 3610 robis
1081 3569 1148 3612 erse
1160 3552 1205 3612 si·

110 3638 283 3705 detruncet
305 3641 402 3721 reipsa
416 3643 486 3703 sint.
527 3641 615 3712 Quod
629 3651 665 3702 ut
676 3642 718 3703 ite
737 3661 805 3703 esse
818 3640 989 3716 concedam,
1013 3651 1121 3716 mosen,
1135 3661 1202 3704 eum

110 3735 223 3814 mugnis
234 3731 417 3814 publicisque
429 3733 469 3794 de
481 3734 569 3794 rebns
581 3733 760 3809 deliberetis,
773 3735 863 3797 decet
873 3734 976 3814 opiner
990 3743 1024 3794 nt
1036 3751 1140 3796 omnes
1152 3753 1204 3797 eor

112 3827 160 3904 qui
173 3826 245 3888 dere
257 3826 412 3888 eonsilium
421 3826 524 3900 solunt
540 3826 677 3902 audiatis,
689 3827 851 3908 presertim
866 3845 933 3888 cum
947 3835 1033 3908 unqe
1051 3825 1099 3901 sit,
1112 3827 1204 3888 Atho

111 3917 233 3991 uberes,
247 3917 290 3980 eis
312 3920 362 3999 qni
385 3938 464 3980 nnnc
485 3918 598 4000 nliqnid
617 3937 737 3981 monere
759 3919 862 3980 ιοιιιιιι
882 3921 1060 4000 obstrepere,
1079 3939 1115 3982 ec
1136 3931 1205 4001 pert

113 4011 227 4073 meon
249 4029 286 4072 ee
304 4031 373 4092 quse
392 4013 475 4084 lecte
491 4022 561 4072 sunt
573 4022 748 4074 aoonsentes
762 4011 887 4074 libenter
899 4011 1007 4074 andire.
1049 4012 1114 4093 Ego
1126 4012 1203 4072 enim

114 4104 182 4166 tetis
194 4105 266 4177 seio,
278 4104 360 4183 quod
373 4125 429 4172 nec
441 4123 495 4166 ros
508 4105 641 4184 ignorem
653 4114 737 4186 pnto,
750 4123 831 4164 nune
844 4105 971 4166 menime
985 4106 1066 4166 vebis
1087 4104 1205 4186 plectere

114 4211 161 4255 eos
184 4196 233 4276 qui
256 4197 327 4257 telis
350 4197 462 4270 dicunt,
487 4197 586 4277 qualis
608 4217 661 4258 vos
681 4195 868 4277 exspectetis.
911 4197 963 4256 Sin
984 4196 1095 4277 sliqnid
1118 4217 1205 4261 tetrus

115 4305 198 4366 quem
210 4309 264 4350 vos
277 4289 366 4350 modo
377 4289 498 4370 putetis,
510 4290 589 4370 qnod
612 4290 699 4363 sbsit,
712 4287 864 4362 occiderit,
877 4289 939 4348 lore
956 4297 991 4348 ut
1011 4307 1063 4348 vos
1079 4289 1116 4348 ab
1139 4289 1204 4351 istis

115 4376 252 4459 deceptos
264 4399 333 4442 esse
345 4381 526 4461 queremini:
547 4401 599 4444 eos
613 4390 723 4455 eutem,
735 4399 809 4461 quos
823 4400 904 4441 nunc
916 4379 1030 4462 ejicitis,
1043 4390 1107 4442 tum
1124 4391 1205 4444 recte

115 4465 379 4551 Moumoustr-
420 4472 673 4623 listsutemistgs,
693 4472 918 4552 quivobisists
937 4471 1204 4552 erumpnos-

665 4583 689 4624 rc
