2967 5017
473 320 642 385 CONTRA
663 320 862 384 NEAERAM.
1151 320 1211 379 779

120 499 153 539 se
172 489 205 566 ut
226 489 256 539 et
274 479 408 539 lenonem
431 488 465 545 et
477 478 714 541 calumniatorem
734 473 954 555 coarguendum
972 492 1049 547 esse,
1062 472 1211 535 arbitrium

119 588 192 650 erga
205 570 381 651 Epaenetnm
395 570 535 651 permittit
549 570 619 651 ipsis
638 568 824 647 sponsoribus
841 567 877 627 iis
891 565 1117 638 conditionibus,
1131 576 1165 625 ut
1183 576 1213 626 et

119 662 278 741 sponsione
293 663 452 744 Epoenetus
466 674 496 723 et
508 662 620 744 judicio
638 661 702 743 ipse
722 659 891 739 Stephanus
903 660 1084 719 liberaretur.
1127 658 1211 727 Quas

118 754 304 817 conditiones
327 775 394 817 cum
415 757 578 837 accepisset
597 756 766 836 Epoenetus,
787 753 1001 831 actionemque,
1014 772 1074 831 qua
1087 752 1212 833 Stepha-

117 866 191 907 num
204 850 444 930 persequebatur,
459 849 637 923 sustulisset,
647 847 876 927 congressionis,
888 866 955 908 cum
970 846 1213 934 sponsoreaarlti·

117 942 156 1001 tri
169 944 313 1017 aederent,
329 946 405 1025 requi
425 944 520 1007 dicere
536 946 704 1025 Stephanus
722 942 795 1003 nihil
815 953 941 1023 potarat,
960 944 1015 1004 sed
1032 945 1211 1023 postulabat,

116 1046 154 1097 ut
163 1038 321 1118 Epaenetus
334 1039 444 1119 aliquid
459 1040 498 1101 ad
516 1039 690 1101 elocandam
713 1038 828 1097 Neaerae
844 1037 933 1097 filiam
955 1038 1111 1111 conferret,
1125 1048 1158 1099 et*
1169 1038 1212 1096 in-

115 1130 215 1209 opiam
228 1151 320 1205 suam,
334 1143 364 1193 et
377 1132 515 1193 inflictam
530 1152 549 1191 a
564 1132 720 1193 Phrastore
739 1130 853 1191 mulieri
872 1130 1069 1191 calamitatem
1084 1148 1213 1191 comme·

116 1240 247 1297 morans,
261 1223 396 1303 dotisque
415 1227 571 1303 jacturam,
585 1226 615 1283 et
633 1222 759 1303 inopiam
772 1223 836 1303 ejus
851 1221 948 1283 denrm
960 1222 1123 1286 elocandae.
1164 1222 1212 1282 Tu

116 1332 197 1386 vero,
210 1317 315 1395 iuquit,
330 1328 360 1377 et
372 1338 433 1391 rem
446 1315 575 1377 habuisti
588 1334 655 1377 curn
669 1314 798 1389 muliere,
809 1326 840 1376 at
851 1335 969 1395 aequum
981 1326 1028 1376 est
1040 1317 1065 1375 ei
1079 1326 1109 1375 te
1121 1316 1213 1376 bene«

116 1406 354 1487 laceratumque
374 1409 486 1469 blanda
498 1412 588 1471 verba
605 1407 754 1481 afferebat,
773 1409 880 1488 quibus
902 1408 1008 1489 aliquis
1024 1409 1056 1467 in
1077 1408 1157 1467 mala
1172 1408 1212 1467 uti

116 1516 210 1559 causa
231 1500 377 1579 precando
394 1501 495 1579 possit.
537 1502 658 1574 Arbitri,
671 1512 795 1581 utroque
815 1502 926 1574 audito,
943 1522 995 1561 eos
1012 1501 1212 1575 reconciliant,

114 1601 145 1673 et
170 1592 314 1672 Epseneto
327 1594 513 1672 persuadent,
527 1605 560 1653 ut
577 1593 655 1653 mille
675 1593 829 1655 drachmas
848 1595 887 1655 ad
908 1595 1081 1656 elocandam
1097 1594 1212 1653 Neaerae

112 1683 206 1743 filiam
220 1684 373 1745 conferret.
415 1686 455 1745 Et
467 1693 501 1743 ut
512 1685 576 1744 haec
595 1685 692 1744 omnia
706 1705 775 1745 vere
789 1706 807 1745 a
819 1676 867 1745 mis
885 1687 943 1746 dici
962 1696 1088 1757 constet,
1106 1685 1211 1746 borum

112 1775 200 1835 vobis
214 1784 316 1845 testes,
329 1796 380 1837 eos
394 1777 475 1856 ipsos
488 1777 539 1855 qui
552 1784 584 1835 et
595 1794 750 1856 sponsores
765 1787 796 1838 et
808 1778 906 1838 arbitri
919 1779 1046 1846 fuerunt,
1057 1778 1209 1839 exhibebo.

583 1916 747 1980 TESTES.

145 2032 304 2095 Nausiphilas
321 2033 480 2095 Cephalensis,
498 2032 675 2081 Aristomachus
691 2034 854 2097 Cephalensis,
870 2042 992 2091 testantur,
1008 2052 1033 2084 ss
1049 2036 1123 2085 saissa
1139 2053 1211 2099 spon·

114 2124 180 2158 sores
192 2110 298 2171 Epmooti
309 2108 402 2167 Andrii,
413 2126 465 2159 snm
477 2110 608 2172 Stephanus
623 2127 649 2158 se
660 2112 683 2158 in
694 2112 809 2159 adulterio
820 2110 1001 2172 deprehendisse
1012 2113 1102 2161 dicaret
1114 2114 1211 2176 Epome-

114 2192 178 2234 turn:
197 2192 229 2242 st,
241 2188 294 2235 cum
311 2188 460 2249 Epsenetuss
471 2188 588 2248 Stephano
605 2186 703 2237 abiisset
714 2188 752 2234 soi
760 2187 821 2249 J'uris
832 2189 917 2244 iactos,
932 2202 1054 2236 moosssse
1069 2191 1210 2251 Stephanum

115 2262 177 2324 apud
190 2262 344 2321 ursaonae
355 2280 408 2312 assa
417 2265 446 2311 sb
456 2278 485 2311 so
496 2279 537 2327 per
548 2264 654 2326 injuriam
664 2265 688 2312 ia
699 2265 793 2314 sinouls
802 2267 933 2326 ooojaotnm
945 2281 951 2310 ι
968 2272 1000 2323 at,
1011 2282 1036 2313 ss
1045 2268 1118 2315 laotos
1129 2284 1211 2330 seque·

116 2346 175 2388 strss
185 2339 347 2389 reconciliasse
359 2340 495 2403 Eponetorn
504 2348 528 2389 at
540 2340 690 2402 Stephanum,
706 2342 838 2404 pretiosam
852 2349 929 2389 sotem
939 2358 991 2391 ssss
1003 2347 1054 2391 essi
1065 2356 1132 2405 qoam
1144 2346 1210 2393 exhi·

116 2420 169 2467 bast
180 2420 345 2481 Apollodorus.

582 2508 745 2575 Pncfflo.

147 2615 196 2664 llis
205 2614 376 2663 conditionibus
385 2614 525 2676 Stephanum
535 2622 559 2661 st
571 2613 707 2675 Epnnetom
721 2622 855 2673 ”questrat
870 2613 1056 2667 rswnailiasont,
1065 2630 1145 2662 eornm
1158 2632 1210 2677 qast

117 2690 146 2739 ds
157 2706 253 2738 csrcsro
263 2690 405 2739 accidissent
415 2690 548 2739 memoriam
560 2688 707 2737 abolendum:
720 2690 856 2750 Epoeuetusa
868 2691 982 2747 Pbanoni,
992 2692 1097 2752 qnoniam
1108 2707 1136 2738 os
1146 2708 1209 2755 snps

117 2783 172 2815 ssns
189 2772 262 2822 assat,
276 2764 340 2814 rnills
359 2766 479 2813 drachmas
498 2767 526 2813 sd
546 2765 697 2812 sloostionem
716 2766 773 2812 dara
791 2773 910 2825 oportere:
928 2765 1070 2828 Stephanum
1089 2770 1211 2830 Epmusto,

115 2844 206 2903 quotics
218 2844 263 2890 hoo
274 2843 379 2891 venisset
386 2848 410 2891 at
421 2856 473 2889 oum
486 2856 513 2889 sa
525 2840 635 2902 congredi
647 2842 727 2896 vellet,
739 2842 869 2888 Plrsnonam
881 2840 992 2889 exhibere
1003 2851 1118 2904 oportere.

158 2962 206 3022 19.
230 2958 305 3019 Eam
325 2958 421 3037 igitur,
442 2958 498 3017 etsi
514 2956 600 3016 nimis
613 2955 762 3017 evidenter
775 2954 926 3033 cognitum
940 2966 986 3014 est
1003 2974 1070 3016 esse
1083 2959 1210 3037 peregri·

120 3072 193 3125 nam,
208 3062 240 3112 et
259 3050 339 3131 apud
360 3070 424 3111 eam
444 3050 500 3111 iste
520 3048 683 3111 adulterum
704 3046 953 3127 comprehendere
974 3046 1031 3109 fuit
1052 3068 1153 3123 ansus,
1172 3070 1210 3111 eo

119 3142 301 3204 contumeliae
321 3155 419 3203 tamen
435 3141 603 3223 Stephanus
617 3152 647 3201 et
666 3139 774 3219 Neaera
791 3153 1004 3219 processerunt,
1018 3152 1050 3200 ut
1067 3163 1126 3202 non
1139 3162 1211 3203 con·

120 3238 190 3298 tenti
203 3248 316 3309 essent,
330 3236 423 3316 ipsam
437 3236 574 3295 Neaeram
588 3234 680 3294 civem
695 3250 760 3291 esse
774 3230 882 3305 dicere,
896 3232 950 3291 sed
962 3232 1012 3292 ubi
1029 3233 1210 3301 animadver-

118 3339 210 3391 terant
224 3330 381 3409 Theogeni
404 3327 577 3390 Cotbocidaa
596 3328 699 3387 sortito
717 3324 880 3397 obvenisse,
894 3334 992 3385 utres
1006 3338 1084 3387 asset
1101 3328 1210 3388 saonfi·

119 3422 209 3497 culus,
221 3414 333 3483 homini
346 3432 380 3481 ut
392 3421 492 3494 nobili,
504 3422 546 3485 sic
560 3418 690 3500 pauperi,
705 3428 735 3477 et
748 3437 842 3477 rerum
850 3418 995 3498 imperito,
1004 3438 1067 3479 sese
1078 3422 1212 3501 adjungit

120 3512 153 3585 ei,
166 3536 235 3576 oum
248 3524 328 3575 esset
346 3512 553 3594 explorandus,
567 3523 599 3571 et
611 3511 807 3595 impensarum
825 3521 938 3590 partem
951 3511 1150 3589 magistratum
1165 3513 1210 3571 in·

122 3609 198 3669 eunti
211 3607 413 3671 subministrat
428 3605 604 3686 Stephanus,
614 3613 645 3663 et
657 3602 857 3683 magistratum
872 3604 909 3662 ab
919 3622 955 3663 eo
971 3603 1073 3665 fraude
1086 3604 1210 3664 circum-

121 3712 203 3763 vento
216 3712 372 3770 mercatus,
388 3701 421 3758 lit
438 3704 501 3775 ejus
521 3716 661 3770 assessor,
675 3696 795 3755 uxorem
810 3695 837 3755 ei
855 3693 1004 3754 mulierem
1018 3693 1081 3766 dat,
1095 3694 1209 3756 Neaerae

123 3792 218 3873 liliam,
230 3808 262 3856 et
275 3793 442 3873 despondet
453 3790 620 3871 Stephanus
634 3808 688 3869 pro
702 3807 757 3848 sna
769 3786 848 3847 filia:
869 3807 962 3866 usque
979 3788 1054 3846 adeo
1067 3796 1098 3846 et
1117 3786 1209 3865 legas,

123 3893 151 3945 et
161 3906 214 3948 vos
229 3884 417 3965 contempsit
459 3882 506 3943 lta
520 3902 556 3943 ea
567 3880 762 3942 muliervobis
775 3900 882 3940 aroana
898 3880 949 3940 illa
961 3898 1045 3939 sacra
1058 3897 1110 3957 pro
1122 3898 1209 3958 repu-
1295 3928 1299 3937 .

122 3976 193 4055 blica
204 3978 372 4049 immolavit,
386 3988 416 4037 et
428 3976 510 4050 vidit,
530 3994 597 4054 qum
611 3993 685 4047 eam,
699 3984 733 4032 ut
745 3973 939 4052 peregrinam,
955 3972 1053 4032 sidere
1065 3971 1161 4046 nefas,
1180 3983 1211 4033 et

124 4074 263 4133 conatalis
276 4081 368 4148 esset,
387 4089 423 4131 eo
440 4070 574 4147 ingressa
595 4080 648 4139 est,
662 4085 720 4144 quo
735 4084 822 4125 nemo
839 4064 913 4125 alius
930 4063 1160 4137 Atheniensium,
1179 4066 1209 4125 in

124 4168 199 4223 tanta
220 4165 327 4225 civium
350 4160 544 4231 multitudine,
559 4159 671 4239 ingredi
692 4158 790 4230 audet,
811 4168 917 4236 prester
936 4156 1014 4235 regis
1035 4175 1166 4233 uxorem,
1180 4167 1210 4218 et

123 4269 298 4318 sacramento
320 4254 421 4335 adogit
442 4252 576 4314 Geraeras
596 4252 731 4312 mulieres
750 4251 815 4310 illas
838 4270 904 4329 quae
928 4250 1017 4310 sacris
1036 4248 1210 4326 ministrant,

123 4354 150 4402 et
161 4346 271 4410 olocata
283 4360 329 4410 cst
342 4348 459 4417 Baccho
471 4364 555 4419 uxor,
567 4356 596 4406 et
610 4345 703 4425 patrio
717 4344 774 4403 ritu
788 4362 841 4423 pro
851 4342 1001 4423 republica
1013 4362 1071 4403 rem
1081 4342 1208 4407 divinam

123 4438 194 4515 lecit,
207 4442 235 4504 in
251 4466 310 4525 qua
323 4444 415 4505 multa
428 4443 501 4503 fiunt
519 4453 549 4501 et
562 4460 646 4501 sacra
658 4451 689 4499 et
709 4456 826 4499 arcana.
867 4437 942 4505 Quae
954 4455 1022 4498 vero
1040 4435 1088 4498 vel
1104 4438 1205 4499 audire

30 4690 41 4963 l
289 4842 302 4875 .
