2967 5017
272 347 334 410 Μ
577 341 771 409 BXORDIA
792 337 1057 406 OONGIONUM.

271 501 450 583 punicum
462 501 631 584 reipublicae
648 503 785 564 uratur.
825 499 891 580 ugo
906 517 977 560 vero
999 496 1136 578 majorem
1152 509 1203 556 ont
1225 491 1367 554 nonium

270 593 388 657 hodene
400 595 561 678 edepttnut
571 594 686 676 opinor,
698 591 971 656 einontnntiouibut
983 590 1048 652 ietit
1061 589 1135 650 intcr
1147 598 1213 648 ecte
1225 585 1256 646 iu
1264 585 1367 646 nonu

270 688 597 768 etiprrbliomoonrerrie
609 689 767 750 conciones
780 687 931 748 heberent.
972 683 1033 745 Vor
1056 692 1152 743 eutem
1171 695 1287 750 moneo,
1300 687 1366 739 uta

270 792 375 842 ncutm
386 779 507 844 ictorum
519 781 647 842 suctione
660 781 755 852 rtetit,
769 795 843 840 neve
855 793 973 860 operam
992 775 1069 836 datin
1087 783 1120 834 ut
1133 771 1265 833 nitorntri
1277 788 1367 852 eupa-
1468 791 1469 798 ι

269 875 462 938 detornant:
485 875 537 937 red
562 887 597 937 ut
618 889 787 937 omneeuor
811 873 910 934 horter
928 866 1061 932 vincetia.
1101 865 1209 927 Precor
1230 875 1367 925 antonne

270 965 565 1042 minmortalibus,
581 969 632 1050 qul
654 968 700 1028 tel
723 976 841 1049 propter
862 963 1076 1024 aemulationem
1096 957 1144 1020 vel
1163 975 1201 1018 ex
1218 955 1367 1018 rimultetn

268 1059 316 1120 val
329 1063 432 1140 quatio
443 1062 502 1124 aba
514 1061 553 1123 de
565 1080 657 1123 canae
668 1061 773 1121 dicunt
785 1057 843 1120 ulie
855 1075 942 1137 quern
955 1073 1022 1137 qum
1032 1052 1142 1134 optime
1153 1067 1220 1112 erre
1234 1059 1366 1124 censent,

270 1151 314 1212 nti
326 1153 474 1214 desinant
494 1153 574 1215 Diris
587 1154 666 1215 enirn
679 1153 821 1214 devovere
832 1163 1020 1230 quemquam,
1032 1145 1160 1206 ebenum
1173 1142 1308 1205 fortnetit
1321 1151 1367 1202 eut

268 1244 368 1306 cnido
379 1245 569 1308 consolantia.
602 1245 668 1306 Huc
678 1264 735 1325 ego
745 1242 928 1306 calamitates
942 1237 1049 1301 nemird
1064 1246 1143 1319 puto,
1154 1235 1364 1306 Atbenieneee,

269 1335 327 1398 nini
340 1339 475 1400 omnibne
488 1338 551 1399 ictio
562 1357 629 1400 eene
642 1337 840 1418 imputandas.
870 1335 987 1396 Cenaeo
996 1339 1095 1393 autem
1108 1347 1161 1410 per
1173 1328 1265 1390 odunt
1279 1324 1367 1388 ratio·
1403 1355 1410 1367 ·

270 1444 339 1491 nem
353 1433 392 1492 ab
405 1431 448 1494 eie
459 1431 688 1512 repcecendtnr:
709 1447 789 1491 nnnc
811 1445 881 1490 vcro
904 1429 943 1489 de
963 1422 1147 1488 emendando
1168 1437 1266 1482 rarum
1288 1429 1366 1482 m

270 1517 501 1586 deliberandum.

761 1677 873 1738 XXXI.

311 1794 436 1868 Vallem,
450 1795 654 1868 Athenienses,
665 1793 810 1873 quondam
823 1803 970 1856 oratorum
975 1803 1096 1854 tuntum
1112 1789 1222 1852 habere
1235 1787 1365 1849 atndinnr

269 1885 426 1949 nouerim
446 1887 574 1962 dicendi,
592 1897 736 1966 quantum
757 1887 787 1947 in
807 1907 842 1948 eo
855 1886 1001 1960 laborant,
1013 1895 1049 1945 ut
1067 1883 1144 1945 belin
1166 1883 1263 1944 dicere
1284 1881 1366 1944 vidd-

269 1985 366 2054 anbur,
378 1987 453 2039 utet
464 1977 521 2058 ipri
539 1977 610 2038 boni
633 1977 687 2038 viri
700 1979 799 2058 potina
818 1995 907 2058 quem
929 1978 1101 2056 eloquenter
1120 1975 1318 2048 haberentnrr
1337 1982 1369 2036 nt

268 2087 317 2130 ree
338 2080 454 2144 vestrm,
467 2069 715 2149 quemadmodum
734 2070 881 2142 conuenit,
904 2069 1022 2130 meliore
1043 2069 1109 2129 loco
1127 2077 1236 2128 esrent
1277 2067 1366 2127 Nunc

268 2161 389 2242 quidam
403 2162 474 2222 mibi
486 2181 604 2242 proreue
618 2161 753 2222 videntur
772 2159 946 2241 eloquentiae
960 2159 1047 2222 laude
1068 2161 1208 2232 contenti,
1229 2159 1302 2240 quid
1314 2179 1366 2240 po·

269 2265 336 2316 ntea
347 2255 431 2316 tobis
444 2265 616 2316 eventurum
628 2255 677 2327 rit,
689 2253 761 2315 nihil
775 2271 888 2316 curare.
920 2253 964 2316 Ao
985 2263 1114 2314 statuere
1128 2267 1255 2330 nequeo,
1268 2262 1366 2312 uttam

267 2345 346 2408 illino
367 2347 481 2427 generis
507 2346 652 2408 orationes
675 2347 772 2427 iprum
800 2345 946 2408 dicentem
975 2345 1094 2426 perinde
1117 2343 1217 2406 tallere
1241 2343 1366 2418 uoluunt,

166 2449 171 2454 “
269 2449 358 2518 etque
371 2439 438 2500 111οι
448 2439 528 2519 apud
541 2457 615 2518 quon
626 2440 781 2512 habentur,
795 2457 834 2498 an
845 2455 913 2500 vero
927 2438 965 2499 de
974 2437 1117 2500 industria
1129 2438 1164 2497 iia
1177 2455 1243 2516 qum
1256 2435 1367 2516 optima

269 2539 393 2594 monent
401 2532 547 2593 contraria
558 2532 657 2593 dicant
670 2533 700 2592 in
712 2533 913 2594 concionibus.
953 2533 1012 2600 Qui
1030 2532 1055 2592 si
1073 2532 1209 2612 ignorant
1225 2545 1303 2601 eum,
1315 2527 1367 2608 qui

269 2623 368 2686 officio
380 2623 465 2706 iungi
486 2642 524 2686 ao
544 2641 642 2705 operae
665 2624 790 2705 pretium
803 2626 901 2688 iacere
913 2625 994 2699 velit,
1014 2643 1074 2684 non
1097 2623 1193 2684 verbio
1211 2622 1365 2696 eudmeu,

270 2715 324 2777 aad
337 2718 376 2778 ab
395 2726 536 2800 apparatu
550 2719 664 2778 firmum
680 2734 746 2779 eene
760 2728 904 2800 oportere,
922 2737 1016 2797 neque
1029 2726 1148 2797 propter
1168 2715 1298 2776 hortium
1312 2715 1367 2776 im·

269 2809 459 2872 benilditatem
481 2811 768 2886 confidendumred
795 2813 910 2874 tametsi
938 2811 979 2871 iili
1001 2821 1138 2892 potentes
1160 2819 1262 2871 namot
1283 2821 1366 2890 opem

268 2903 399 2966 victorin
414 2905 592 2978 babendum,
605 2903 720 2968 facetiae
738 2908 903 2976 verborum,
923 2915 957 2966 ut
979 2914 1109 2985 apparet,
1124 2904 1166 2964 eir
1182 2904 1288 2964 obtant
1307 2921 1368 2983 qno

269 2995 367 3058 minu
389 3014 438 3059 ree
459 2997 645 3078 grarirrimue
667 2997 908 3060 animadvertent.
949 2997 1002 3056 Sin
1015 2997 1081 3057 hmo
1095 3014 1127 3057 ue
1148 3013 1208 3058 non
1232 2998 1366 3076 ignorare

269 3089 408 3163 dixerint,
421 3100 508 3169 atque
517 3089 722 3170 ulieqnmdanr
736 3105 826 3150 crura
840 3091 951 3164 robert,
973 3091 1011 3149 ob
1025 3105 1113 3170 qnam
1127 3088 1184 3150 iate
1201 3089 1367 3162 insumunt,
1402 3093 1405 3098 '

268 3199 314 3253 ee,
328 3199 512 3261 quaecunque
523 3181 621 3253 suerit,
635 3199 694 3242 non
715 3181 793 3242 muln
815 3180 971 3242 existimari
984 3183 1036 3262 qui
1059 3180 1174 3263 potcati
1205 3181 1271 3261 Ego
1286 3197 1367 3253 vero,

268 3273 386 3334 tametsi
405 3273 489 3333 robie
501 3273 567 3334 ilion
584 3273 667 3334 cordi
687 3291 753 3334 eree
766 3272 861 3348 video,
874 3283 972 3334 tamen
985 3291 1052 3354 qum
1070 3273 1139 3334 mibi
1152 3271 1288 3334 ridentur
1306 3285 1365 3333 non

270 3362 412 3426 dubitabo
424 3365 531 3426 dicere.
572 3365 688 3426 Etenim
701 3365 832 3428 stultitiae
847 3367 945 3441 fuerit,
959 3385 1027 3428 cum
1047 3363 1177 3428 oratione
1201 3383 1290 3446 prava
1311 3365 1365 3426 da·

268 3457 344 3519 liniti
358 3458 431 3532 aibr,
448 3459 604 3540 desperare
626 3476 678 3520 uua
702 3461 816 3524 meliori
835 3471 866 3522 et
889 3461 983 3542 magio
1006 3460 1070 3520 utiii
1090 3461 1221 3522 cretione
1233 3475 1320 3540 poete
1333 3459 1365 3518 in

268 3549 344 3612 viem
357 3552 497 3614 revocari.
538 3551 613 3613 Peto
630 3563 727 3613 autem
749 3563 783 3614 ut
798 3563 829 3615 et
841 3570 893 3616 voe
916 3555 1009 3634 requie
1030 3553 1134 3616 enimin
1155 3551 1264 3626 edetur,
1283 3551 1366 3630 ongi-

268 3653 377 3717 tautee,
390 3660 448 3706 nec
461 3664 500 3706 ee
512 3663 581 3724 qum
595 3664 674 3706 nunc
687 3647 803 3708 sentitis
815 3662 868 3708 toa
881 3645 972 3709 suinae
986 3664 1134 3720 teneuron,
1147 3645 1203 3706 niei
1217 3644 1365 3705 oratione!

268 3738 431 3818 qnmvobie
451 3749 662 3819 perauaeerunt
679 3739 844 3800 audissetis.
885 3739 1141 3808 Quemadmodum
1163 3738 1263 3818 igitur,
1287 3737 1313 3798 ni
1327 3735 1366 3797 da

268 3831 400 3894 bonitate
414 3841 541 3892 moneto
561 3831 706 3912 judicium
723 3833 817 3906 tieret,
830 3833 1039 3914 explorandam
1058 3847 1123 3893 eem
1142 3829 1366 3902 communite

268 3923 356 3983 atium
367 3931 438 4003 peto
446 3931 480 3982 ut
491 3923 599 3984 dictem
611 3925 783 3998 orationem,
794 3943 830 3986 en
841 3925 962 4006 hisquae
975 3939 1028 3985 noe
1042 3933 1146 3985 contre
1159 3923 1362 3996 disseruimus,

268 4014 614 4087 nomenniomen
627 4015 786 4096 reperietis,
804 4015 859 4077 diis
874 4017 1100 4097 approbantibus
1115 4015 1298 4095 sequamini:
1317 4013 1365 4076 titt

267 4104 385 4184 ringula
404 4105 658 4168 considerantibus
684 4106 805 4168 alienior
826 4107 977 4182 ridebitur,
1000 4120 1035 4168 ut
1056 4118 1215 4188 antequam
1233 4109 1364 4190 impege-

268 4194 341 4270 ritie,
350 4205 463 4258 mutato
477 4199 610 4272 coneilio,
624 4200 658 4260 iia
671 4219 738 4279 quae
752 4209 833 4261 recta
845 4211 913 4260 eunt
926 4199 1057 4260 utemini.

748 4351 879 4414 XXXII.

306 4455 565 4544 murto,
582 4469 790 4548 Athenionem,
806 4473 1018 4554 tubicenque
1036 4471 1283 4556 diumprfflr
1312 4475 1359 4536 ιι1ιι
