2967 5017
325 292 369 354 IN
391 291 595 354 eremum
618 291 670 354 ΕΤ
690 289 980 354 Mur-trabum.
1147 292 1208 356 66³

113 445 214 510 centia
236 463 303 508 rnee
326 447 434 508 advos
458 445 651 528 ingrediebar.
694 447 749 510 llle
770 459 869 511 autem
891 448 1006 528 prolato
1029 448 1205 522 testimonio,
1263 511 1266 518 ,

115 537 195 616 quod
220 557 305 598 nemo
322 537 395 598 alius
409 539 529 614 dixerat,
543 540 596 600 nisi
610 541 699 602 freter
714 541 777 622 ejus
794 553 825 602 et
840 542 945 615 affinis,
958 541 1009 620 qui
1022 540 1207 601 affirmabant

116 629 243 690 voluisse
266 651 332 690 eum
355 632 469 692 tradere
490 632 648 705 mulierem,
662 634 848 714 simplicitate
869 634 1004 694 simulata
1026 632 1142 713 decepit
1158 639 1206 708 ju-

115 721 205 782 dices.
247 723 428 784 Rementem
437 723 548 802 justam
559 745 577 784 a
588 726 669 785 vobis
684 745 797 805 precor,
808 739 840 786 ut
853 727 981 786 simulet
992 727 1029 786 de
1040 725 1206 785 testimonio

116 815 324 894 pronuncietis,
338 835 474 877 verumne
487 837 525 876 an
541 818 644 878 falsum
661 819 708 890 sit,
723 819 810 878 simul
825 820 912 879 etiem
926 839 986 879 rem
1000 820 1093 898 ipsam
1111 817 1149 876 de
1163 817 1208 876 in-

118 919 200 987 tegro
214 907 412 970 consideretis.
452 911 497 969 Ac
512 930 568 988 ego
582 909 699 988 quidem
716 912 754 970 ad
766 932 832 991 quoe
841 913 911 989 jure
923 921 984 968 tum
1004 909 1053 968 ille
1066 909 1208 987 confugit,

116 1021 154 1060 ex
168 1001 204 1060 iis
219 1021 293 1062 nunc
307 1002 343 1060 de
358 1001 478 1062 veritate
492 1021 590 1062 causae
605 1003 792 1062 statuendum
813 1023 878 1064 esse
891 1022 1009 1071 censeo,
1022 1000 1156 1062 habende
1169 1002 1208 1062 de

119 1093 240 1153 muliere
253 1095 425 1172 questione,
440 1105 504 1154 uter
523 1096 598 1174 prior
616 1115 668 1174 per
683 1095 817 1176 injuriam
829 1094 911 1156 alteri
921 1114 1025 1154 manus
1039 1094 1209 1154 attulerit-

119 1205 156 1246 ea
168 1186 244 1244 euim
258 1196 304 1247 est
317 1187 536 1256 verberatio—3
559 1197 589 1247 et
602 1197 694 1248 testes
714 1199 869 1268 propterea
887 1187 952 1247 falsi
968 1187 1123 1246 testimonii
1142 1205 1208 1247 reos

118 1297 186 1357 ago,
201 1277 278 1356 quod
292 1279 436 1340 testificati
451 1291 520 1339 sunt
532 1279 751 1360 Theophemum
771 1281 885 1341 tradere
901 1280 1030 1341 voluisse
1049 1279 1208 1352 mulierem,

118 1390 184 1434 cum
202 1391 308 1451 corpus
323 1373 399 1432 illius
414 1392 557 1452 nusquam
572 1374 708 1447 traderet,
719 1393 815 1453 neque
828 1375 950 1455 primum
964 1374 1044 1453 apud
1059 1374 1208 1443 arbitrum,

117 1475 324 1544 nequepostee
337 1484 414 1544 saepe
429 1485 501 1526 ame
512 1466 701 1545 postulatum.
723 1467 842 1546 Duplex
852 1466 941 1545 igitur
950 1466 991 1525 eis
1001 1485 1087 1545 poena
1101 1463 1210 1523 luenda

118 1567 205 1628 esset,
233 1565 294 1616 tum
319 1556 396 1634 quod
419 1557 541 1617 ludices
564 1557 740 1636 deceperunt
761 1559 841 1618 falsis
865 1558 1037 1617 testimoniis
1065 1555 1209 1628 exhibitis,

116 1738 270 1810 servienti,
284 1748 314 1799 et
327 1739 464 1799 mandata
484 1741 665 1818 exsequenti,
678 1752 707 1799 et
719 1739 834 1819 legibus
850 1759 884 1800 ec
897 1739 1023 1800 decretis
1035 1737 1140 1798 vestris
1156 1738 1210 1798 ob·

114 1831 303 1910 temperanti.

161 1925 209 1982 14.
224 1924 262 1981 Et
275 1931 309 1982 ut
319 1931 435 1982 constet
444 1941 502 1996 non
514 1941 559 1981 me
572 1922 665 1982 solum
677 1923 825 2003 accepisse
834 1923 892 1984 lroc
903 1943 1008 1983 munus
1019 1943 1038 1982 a
1049 1922 1210 2002 republica,

118 2030 153 2078 ut
172 2019 210 2078 ab
224 2017 281 2076 isto
295 2027 475 2078 armamenta
488 2035 555 2095 quse
568 2015 687 2076 deberet
703 2035 898 2095 reposcerem,
915 2017 968 2076 sed
989 2027 1019 2075 et
1036 2014 1109 2076 alios
1130 2015 1212 2075 trier-

120 2110 224 2172 archos
246 2110 283 2168 ab
304 2109 368 2168 eliis
388 2129 462 2188 quos
482 2109 511 2170 in
532 2108 676 2170 mandatis
697 2120 872 2189 acceperant
891 2108 1035 2188 exegisse,
1052 2108 1117 2188 lege
1140 2105 1211 2166 mihi

121 2221 221 2266 eorum
235 2202 408 2263 testimonia.

526 2395 803 2456 TESTIMONIA.

165 2529 211 2587 15.
225 2525 356 2586 Narrabo
369 2511 453 2585 vobis
464 2525 560 2596 etiam,
572 2527 590 2584 J
594 2526 707 2602 udices,
721 2545 780 2604 quo
795 2533 880 2602 pacto
892 2524 929 2582 ab
942 2522 984 2582 eis
996 2531 1137 2581 tractatus
1147 2520 1211 2581 sim.

123 2619 165 2678 Eo
174 2619 285 2699 jndicio
304 2618 396 2677 victus
415 2620 453 2677 ab
472 2617 532 2686 illo,
544 2617 750 2697 propterquod
771 2627 862 2675 testes
882 2616 953 2674 istos
972 2614 1038 2673 falsi
1056 2613 1212 2673 testimonii

123 2731 186 2772 reos
201 2731 267 2790 ago,
283 2710 402 2771 conveni
417 2708 646 2787 Theophemum,
665 2728 731 2768 cum
749 2709 810 2787 jam
832 2707 964 2787 praefiniti
985 2706 1053 2765 milri
1074 2705 1212 2783 temporis

124 2805 188 2864 finis
213 2806 344 2874 instaret,
358 2811 551 2882 precatusque
567 2821 629 2859 som
644 2810 678 2858 ut
697 2798 765 2858 milri
786 2818 903 2878 parvam
919 2817 1027 2856 moram
1041 2796 1211 2873 largiretur:

123 2896 254 2956 dicebam
270 2895 312 2970 <id
326 2894 405 2973 quod
428 2913 528 2954 verum
543 2893 617 2967 erat)
637 2891 806 2969 conquisitis
820 2889 953 2960 nummis,
969 2907 1042 2966 quos
1064 2889 1089 2946 ei
1111 2905 1214 2945 nume·

123 3003 238 3050 raturus
252 2987 380 3059 fuissem,
393 2986 533 3048 accidisse
546 2997 578 3045 ut
589 2985 656 3044 mihi
670 2985 794 3043 triremis
809 2980 987 3053 instruenda,
998 2991 1028 3039 et
1042 2979 1213 3038 festinanter

123 3082 266 3144 mittenda
279 3091 374 3149 esset;
394 3080 474 3161 quod
488 3077 677 3140 Alcimachus
688 3079 847 3157 imperator
858 3075 951 3137 nerim
967 3074 1079 3133 solvere
1087 3072 1213 3152 juberet.

125 3177 174 3237 Me
183 3177 273 3256 igitur
283 3175 407 3254 pecunie
419 3175 449 3233 in
463 3193 528 3234 eum
543 3192 626 3232 usum
638 3183 750 3240 coacta,
762 3181 796 3229 ut
804 3168 990 3248 Theophemo
1005 3173 1214 3236 numeraretur,

125 3291 158 3330 eo
171 3289 237 3330 esse
251 3271 391 3328 abusum:
420 3269 559 3346 rogabam
580 3274 614 3325 ut
634 3264 787 3324 terminum
809 3261 950 3342 proferret
968 3279 1004 3320 eo
1024 3279 1128 3340 usque,
1143 3258 1214 3318 dum

127 3381 228 3424 navem
251 3361 443 3440 ablegassem.
477 3359 505 3417 ls
519 3379 585 3418 vero
594 3357 664 3416 mihi
674 3355 807 3437 expedite
820 3364 849 3415 et
861 3351 1029 3434 simpliciter
1042 3353 1215 3431 respondet:

126 3455 226 3516 nihil
253 3463 372 3526 vetat,
393 3451 497 3530 inquit,
519 3451 587 3511 sed
612 3450 678 3509 ubi
698 3467 835 3508 navem
857 3446 1133 3525 ablegaveris,
1160 3464 1215 3504 sa·

126 3549 177 3609 tis
187 3549 226 3608 fa
236 3548 270 3607 ci
281 3556 320 3606 to
341 3555 379 3606 et
401 3564 430 3603 rn
439 3545 448 3602 i
457 3544 475 3603 h
485 3544 504 3602 i.
533 3545 608 3613 Quen
623 3561 690 3603 cum
704 3541 773 3600 mihi
786 3539 995 3620 Theophemus
1009 3536 1215 3616 respondisset,

127 3640 172 3702 die
186 3651 351 3722 prorogato,
361 3657 472 3718 egoque
487 3636 609 3695 maxime
630 3635 719 3694 fretus
740 3653 836 3693 essem
850 3653 917 3693 cum
932 3631 1047 3690 testium
1061 3628 1217 3688 revictione

128 3745 188 3792 turn
211 3733 303 3812 ipsius
321 3729 473 3791 tradendae
491 3727 616 3788 mulieris
637 3725 829 3797 recusatione,
842 3729 948 3803 (neque
962 3742 1031 3783 vero
1045 3740 1120 3780 nova
1134 3718 1217 3777 illum

128 3827 266 3886 adversus
279 3845 326 3885 me
340 3825 429 3884 inisse
443 3822 564 3884 consilia
577 3822 738 3902 putabam),
751 3819 858 3878 triremi
870 3818 1014 3898 ablegata,
1023 3813 1148 3895 pecunia
1158 3831 1217 3870 non

129 3921 226 3982 multis
242 3921 344 3980 diebus
357 3929 425 3998 post
437 3925 600 3995 corrugata,
610 3913 733 3976 conveni
748 3913 904 3984 hominem,
916 3929 963 3969 me
977 3907 1014 3967 ad
1029 3923 1158 3964 mensam
1172 3921 1218 3962 se·

129 4016 175 4093 qui
184 4015 269 4092 jussi,
281 4025 314 4072 ut
327 4011 465 4072 mulctam
479 4009 629 4089 reciperet.
665 4007 738 4066 Haec
755 4017 786 4065 ut
799 4025 865 4065 vere
877 4024 895 4064 a
908 4022 954 4061 me
967 3998 1025 4059 dici
1036 4005 1159 4068 constet,
1174 4004 1218 4056 te·

129 4107 262 4168 admonia
276 4105 358 4167 vobis
373 4104 580 4164 recitabuntur.

539 4259 812 4352 resvruou'rn.

131 4442 335 4524 inceptem
354 4451 453 4503 autern
475 4438 550 4500 adeo
572 4455 629 4498 non
652 4443 771 4498 secutus
791 4440 837 4492 ert
857 4429 896 4492 ad
919 4437 1126 4504 mensamaut
1146 4421 1220 4484 mul·
