2967 5017
447 311 669 380 salassus
691 313 921 382 roarotaat.
1170 320 1235 382 oss

137 463 358 546 mammertus
372 477 505 550 meapte,
517 469 587 549 quia
599 479 630 532 et
640 488 724 534 meos
746 469 860 535 loculos
878 469 1047 540 exhaustos,
1061 477 1094 530 et
1114 489 1236 551 smps-

137 556 246 620 blicsm
259 577 327 620 esss
347 560 557 641 negligentem,
572 573 602 626 et
621 563 717 626 socios
733 562 848 643 inopes,
859 572 892 626 et
902 561 995 624 duces
1011 561 1128 634 infidos,
1143 578 1233 642 atque

139 651 298 714 militorum
312 653 445 714 oratione
457 653 573 735 decepti
584 663 693 728 essent,
706 665 737 718 et
749 653 924 717 trierarchioe
942 663 1059 735 tempus
1066 654 1130 734 jam
1142 655 1235 729 erbe,

138 762 232 822 nsque
243 742 362 806 domum
376 747 470 826 parari
482 747 618 822 reditum,
631 767 727 828 neque
740 766 939 810 successorem
950 747 1049 809 tenire
1063 747 1102 809 ad
1116 766 1232 819 navem,

138 853 159 896 s
177 855 237 916 quo
258 836 368 916 aliquid
390 840 454 918 opis
474 840 584 920 sperari
606 849 657 900 eut
679 840 826 920 impetrari
845 850 957 922 posset,
975 840 1123 902 videbunt.
1164 839 1233 908 Quo

138 928 218 988 euim
240 929 401 992 studiosius
424 941 455 992 et
475 932 576 994 melius
598 952 701 992 narem
715 932 801 994 bonis
818 933 975 1012 remigibus
988 933 1175 1012 completam,
1195 952 1234 998 eo

138 1039 187 1082 me
202 1021 298 1100 plures
312 1042 400 1102 quam
413 1023 505 1084 ullum
520 1025 609 1086 alium
626 1025 798 1104 praefectam
811 1025 1015 1088 deseruerunt.
1048 1024 1127 1086 Nam
1141 1034 1233 1091 eate-

140 1113 193 1186 ris,
207 1124 239 1174 ut
252 1114 322 1176 nihil
342 1116 434 1190 alind,
449 1117 553 1178 saltem
566 1118 617 1197 qui
637 1117 830 1180 edelectibus
848 1130 990 1180 venerant
1009 1119 1049 1180 ad
1067 1139 1173 1182 navem
1186 1139 1235 1180 re·

137 1213 311 1268 mansemnt
333 1210 459 1270 reditum
478 1209 508 1270 in
526 1210 650 1290 patriam
665 1211 719 1272 sibi
732 1222 924 1286 reservantes,
944 1213 970 1274 si
983 1232 1035 1274 eos
1048 1213 1111 1273 dux
1124 1213 1234 1277 missos

136 1296 276 1360 fecisset:
298 1303 355 1360 mci
378 1321 446 1362 vero
465 1313 564 1362 nauta
584 1303 651 1364 freti
671 1323 726 1363 suo
747 1305 851 1366 robore
864 1314 896 1366 et
913 1305 1094 1384 agendarum
1115 1305 1234 1366 narium

136 1393 251 1470 peritia,
266 1413 324 1472 quo
345 1395 376 1454 in
399 1395 467 1457 loeo
489 1396 644 1476 plurimum
661 1396 810 1478 accepturi
828 1407 922 1472 erant,
936 1419 971 1460 eo
989 1421 1022 1462 se
1034 1399 1233 1472 contulerant,

138 1485 336 1548 existimantes
360 1499 519 1568 presentes
551 1490 650 1569 copias
673 1491 742 1571 plns
760 1491 858 1554 valere
880 1492 1070 1572 impendente
1090 1501 1180 1563 metu,
1207 1491 1234 1554 si

135 1579 256 1655 quando
270 1599 347 1639 ame
361 1579 534 1658 deprehensi
547 1592 655 1642 essent.
697 1584 796 1654 Quum
809 1583 894 1662 igitur
906 1585 937 1644 in
955 1603 991 1644 eo
1009 1585 1077 1646 loco
1098 1603 1144 1644 res
1158 1602 1234 1645 meta

134 1680 247 1742 essent,
260 1679 291 1730 et
303 1670 389 1730 simul
409 1671 468 1730 dur
482 1673 689 1734 Timomachus
702 1675 774 1736 mihi
790 1675 961 1736 mandasset
977 1684 1010 1737 ut
1028 1675 1066 1736 ad
1079 1675 1233 1754 Templum

84 1767 90 1777 '
132 1761 305 1839 navigarem
318 1763 497 1841 perducendi
520 1764 656 1825 frumenti
674 1765 768 1844 gratia
782 1785 838 1827 nec
851 1766 1027 1846 stipendium
1048 1766 1183 1840 solveret,
1196 1787 1234 1831 ao

131 1853 257 1933 insuper
279 1855 450 1915 nunciatum
463 1868 552 1930 esset,
566 1857 721 1938 Byzantios
740 1868 773 1918 et
792 1857 1009 1920 Calchedonias
1029 1879 1128 1920 mrsus
1145 1879 1233 1922 exce-

133 1947 343 2027 ptarenavigia
356 1957 385 2007 et
398 1949 516 2027 adigere
530 1949 567 2010 ad
582 1951 761 2010 frumentum
775 1951 1160 2026 exonerandum,mutuatus
1174 1971 1234 2032 ego

135 2058 156 2098 a
176 2037 352 2100 Charidemo
372 2041 569 2121 Anaphlystio
592 2043 759 2122 quindecim
778 2043 871 2104 minas
892 2042 1014 2116 itenere,
1031 2045 1233 2124 seph'ngontas

135 2129 289 2190 drachmas
304 2131 342 2191 ad
354 2145 475 2192 octavas
488 2150 592 2194 usuras
606 2153 625 2195 a
638 2135 763 2215 Nicippo
777 2134 956 2198 naviculario
970 2135 1066 2198 navali
1079 2145 1233 2201 contractu

136 2223 250 2302 accepi,
264 2225 315 2302 qui
337 2225 416 2284 Sesti
435 2235 507 2298 erat,
520 2245 556 2287 ea
575 2227 754 2301 conditione,
775 2228 800 2287 si
817 2227 900 2289 naris
921 2227 1075 2290 incolumis
1098 2228 1232 2290 Athenas

135 2315 271 2390 redisset,
284 2328 317 2378 nt
330 2319 356 2377 ei
370 2327 400 2378 et
413 2329 522 2380 sortem
535 2330 566 2381 et
578 2340 680 2382 usuras
693 2320 861 2387 redderem
882 2322 1033 2401 missoque
1047 2321 1231 2385 Euctemone

136 2408 377 2471 semicentnrione
403 2412 606 2494 Lampsacum,
620 2415 749 2493 pecunia
770 2425 801 2474 et
821 2415 914 2478 literis
935 2415 974 2475 sd
995 2413 1126 2494 hospites
1141 2415 1233 2494 patris

135 2504 194 2564 mei
206 2505 292 2576 datis,
303 2506 377 2585 jussi
392 2507 461 2565 mihi
472 2517 576 2568 nautas
590 2508 765 2579 conducere,
778 2527 867 2586 quam
884 2522 983 2588 posset
995 2507 1232 2571 robustissimos:

134 2594 198 2675 ipse
223 2606 322 2658 autem
345 2597 422 2659 Sesti
443 2607 583 2670 moratus,
597 2601 742 2659 veteribus
761 2601 857 2660 nautis
879 2603 929 2679 qui
950 2612 1150 2663 remanserant
1162 2601 1232 2663 dedi

134 2698 277 2767 quantum
290 2689 382 2768 potui,
404 2701 559 2768 postquam
573 2687 643 2748 mihi
660 2689 843 2767 prefectum
862 2702 978 2769 tempus
994 2690 1101 2764 exibat,
1113 2702 1145 2753 et
1156 2691 1230 2752 alios

136 2791 242 2842 nautas
256 2781 360 2861 integri
383 2780 518 2861 stipendii
539 2780 650 2860 accepi,
664 2779 777 2840 interea
795 2780 865 2840 dum
885 2780 946 2845 dux
963 2781 1179 2858 navigationem
1192 2783 1232 2844 sd

136 2873 277 2954 templum
301 2875 471 2955 apparabat.
513 2873 588 2933 Cum
607 2885 705 2934 autem
728 2871 892 2934 Euctemon
913 2874 1076 2952 Lampsaco
1098 2893 1232 2936 reversus

134 2977 241 3028 nautas
253 2985 325 3044 quos
346 2967 527 3028 conduxerat
545 2965 727 3039 adduxisset,
740 2985 775 3026 ac
798 2965 860 3025 dux
875 2965 1029 3028 classicum
1047 2983 1151 3028 canere
1166 2967 1231 3045 jus·

136 3059 225 3122 sisset
237 3069 272 3120 ut
284 3059 474 3132 solveremus,
488 3059 594 3120 accidit
604 3068 638 3120 ut
651 3059 816 3120 Euctemon
827 3068 947 3138 repente
960 3059 990 3118 in
1001 3061 1133 3121 morbum
1148 3078 1232 3120 eum·

133 3173 192 3234 que
216 3153 419 3233 gravissimum
443 3154 594 3214 incideret.
650 3153 727 3214 Eum
755 3153 854 3233 igitur,
879 3152 994 3213 reddito
1021 3148 1176 3232 stipendio,
1200 3163 1232 3214 et

134 3247 238 3308 addito
250 3246 365 3320 viatico,
378 3248 497 3308 domum
511 3246 622 3315 remisi;
644 3255 731 3325 atque
745 3247 822 3326 ipse,
836 3245 893 3310 alio
907 3245 1150 3307 seminentun'one
1166 3264 1231 3307 cre·

134 3353 195 3414 ato,
209 3339 282 3400 solui
297 3340 333 3399 ad
345 3341 521 3403 frumentum
533 3339 763 3420 pervehendum,
777 3339 875 3418 ibique
887 3349 1014 3400 moratus
1028 3359 1093 3400 sum
1103 3339 1231 3419 quinqua

134 3446 165 3494 et
177 3432 374 3514 quadraginta
386 3435 460 3508 dies,
474 3435 569 3496 donec
582 3454 672 3494 nares
684 3453 701 3493 e
715 3435 811 3494 Ponto
820 3444 890 3514 post
900 3435 1060 3494 Arcturum
1073 3433 1230 3494 solverent.

136 3527 213 3588 Cum
235 3537 332 3588 autem
351 3528 469 3588 Sestum
484 3527 691 3608 pervenissem,
706 3545 763 3605 ego
784 3545 833 3586 me
851 3526 971 3586 domum
987 3527 1051 3605 jam
1070 3524 1231 3586 reditamm

133 3619 286 3699 putabam,
300 3638 367 3680 eum
391 3639 449 3678 non
472 3619 560 3679 modo
581 3629 695 3698 tempus
714 3617 783 3678 mibi
794 3618 861 3698 *jam
875 3627 1009 3679 exactum
1023 3626 1110 3689 esset,
1125 3618 1179 3677 sed
1200 3626 1232 3676 et

135 3711 199 3770 duo
213 3730 327 3772 menses
340 3711 378 3772 ad
390 3711 592 3791 praefecturam
606 3710 739 3774 navalem
751 3711 954 3782 accessissent,
969 3720 1001 3771 et
1021 3728 1174 3770 successor
1191 3706 1231 3768 ad

133 3823 240 3866 narem
254 3823 314 3866 non
327 3805 455 3866 veniret:
477 3804 538 3864 dux
551 3814 647 3864 autem
663 3803 878 3876 Timomachus,
891 3823 959 3864 cum
972 3821 1041 3862 eum
1054 3801 1146 3880 legati
1164 3799 1231 3860 Ma·

133 3896 261 3958 ronitani
274 3896 480 3958 convenissent
493 3917 528 3959 ac
543 3907 696 3976 rogassent
707 3907 740 3957 ut
753 3897 956 3958 frumentarias
973 3913 1043 3957 snas
1056 3913 1146 3956 nares
1164 3901 1231 3953 tue-

133 3998 227 4060 retur,
241 3988 326 4050 nobis
346 3989 501 4051 triremium
524 3988 669 4070 praefectis
688 3989 810 4050 mandat
828 3997 862 4050 ut
880 4008 931 4049 aas
944 4007 1034 4048 nares
1047 3985 1087 4047 ad
1099 3985 1231 4047 triremes

134 4080 272 4161 alligatas
297 4082 469 4144 Maroneam
491 4082 731 4162 pertraheremus,
752 4101 842 4143 cursu
857 4082 990 4162 erlongo
1003 4090 1035 4140 et
1052 4077 1182 4160 spatioso
1200 4077 1229 4139 ia

134 4191 218 4234 mara

175 4268 206 4328 6.
219 4266 296 4328 Hoec
306 4265 493 4328 vobisomnia
501 4277 654 4348 propterea
663 4268 787 4347 exposui
797 4268 834 4328 ab
844 4265 935 4338 initio,
944 4264 1095 4340 utsciatis,
1105 4274 1232 4344 quantos

135 4360 199 4440 ipse
218 4371 352 4440 sumptus
364 4361 493 4434 fecerim,
506 4371 536 4423 et
549 4373 691 4440 quantum
703 4370 822 4440 propter
834 4359 1042 4439 rempublicam
1055 4379 1131 4420 onus
1144 4355 1234 4418 susti-

135 4452 261 4529 nuerim,
274 4463 474 4534 quantumque
486 4463 589 4534 postes
603 4475 656 4534 pro
668 4455 726 4518 isto
741 4453 943 4533 insumpserim
958 4452 1038 4514 linita
1051 4451 1233 4534 praefectam
