2967 5017
269 330 329 394 710
569 330 785 391 rnvuttsus
805 330 1061 392 casurum.

268 484 321 546 tim
343 484 372 543 si
393 482 479 545 datos
502 483 664 555 maluisset,
680 482 1129 563 qrmbsmsnsereliaquarai
1159 482 1224 561 Ego
1241 480 1368 560 quidum

161 594 165 606 ’
267 574 344 638 illud
357 587 388 637 at
397 576 506 653 justius
519 586 550 636 et
569 574 805 655 magnificentius
822 575 965 638 emuna.
1005 576 1072 635 Jsm
1082 594 1153 635 eum
1169 572 1244 634 nibil
1257 574 1368 633 burum

267 669 373 732 lauisse
387 669 651 748 constat,.proinde
661 680 696 730 et
716 669 782 729 lime
798 669 882 730 uobis
899 679 1075 748 aguments
1087 670 1163 736 sint:
1178 668 1239 729 'ssd
1258 666 1369 746 Oqlri-
1465 683 1466 686 ’

266 762 359 824 siedoe
371 772 404 821 et
417 761 598 841 inscripsisse
612 773 643 822 et
658 762 742 823 reddi
754 762 888 837 iussisse.
1180 752 1185 761 ’

308 856 338 913 8.
361 853 440 913 lllud
456 854 543 915 etiarn
555 854 750 929 oonsidorate,
762 855 897 927 ludices,
913 854 1079 935 Callippum
1092 854 1187 914 fnisse
1197 852 1293 913 ἀιοιιι
1311 869 1367 911 nu·

268 955 373 1018 strum,
392 945 427 1005 iis
449 945 607 1024 pollentem
624 948 741 1027 opibus,
760 960 795 1007 ut
817 946 1105 1027 utrumqueetmole
1118 959 1150 1006 et
1170 947 1247 1006 bene
1268 943 1368 1005 faeere

269 1048 379 1119 posset,
399 1038 607 1117 Cephisiadem
624 1051 725 1101 antem
739 1050 770 1099 et
781 1040 955 1119 inquilinum
971 1048 1003 1099 et
1014 1039 1150 1118 inopem:
1170 1055 1263 1117 quare
1282 1046 1368 1115 puter

270 1130 387 1191 mininie
411 1140 513 1191 contra
529 1132 579 1211 jus
598 1142 629 1191 et
645 1150 765 1211 mquam
782 1132 825 1193 ilii
837 1134 936 1195 lusere
952 1152 1039 1214 quam
1057 1132 1106 1192 isti
1125 1142 1269 1211 prestare
1287 1127 1367 1208 quod

268 1242 385 1302 equum
394 1224 648 1285 essetmaluisset.

310 1316 340 1375 9.
361 1316 402 1376 At
414 1316 532 1377 hercule
549 1314 629 1377 diost
646 1316 784 1390 fortasse,
801 1314 915 1397 patrem
935 1336 1034 1378 meum
1050 1315 1185 1395 privatim
1198 1314 1312 1395 aliquid
1330 1314 1370 1375 ds

269 1418 392 1488 urgento
406 1409 595 1471 emolumenti
606 1410 793 1489 ›poroepism
815 1421 1026 1489 proptereaque
1037 1408 1134 1467 animo
1146 1407 1177 1467 in
1186 1406 1369 1486 illamqaum

270 1502 301 1563 in
314 1520 346 1562 se
360 1500 450 1561 lubre
464 1500 660 1580 propensiore,
701 1502 787 1563 Itane
798 1520 869 1562 vero
884 1502 1013 1581 primum
1032 1519 1051 1560 a
1072 1520 1132 1579 quo
1146 1500 1237 1578 duplo
1254 1500 1371 1579 majore

220 1592 223 1600 '
270 1614 360 1674 quam
380 1593 411 1653 id
432 1594 571 1655 lucellum
586 1604 669 1655 esset
685 1594 764 1655 affici
782 1593 891 1655 damno
903 1606 1013 1675 pust,
1029 1593 1061 1653 ei
1076 1591 1373 1668 tenebatururimt

271 1686 381 1747 deinde
394 1687 425 1745 in
438 1706 474 1748 eo
487 1686 622 1748 sordidus
636 1697 666 1747 et
679 1687 773 1766 turpis
786 1686 859 1747 lueri
870 1687 995 1765 cupidus
1007 1696 1080 1756 emt,
1094 1686 1125 1745 iu
1137 1685 1252 1745 tributis
1259 1694 1294 1744 et
1303 1702 1373 1745 mu·

271 1778 388 1839 neribus
408 1780 535 1858 publicis
553 1790 584 1839 et
606 1779 809 1859 largitionibus
830 1798 890 1838 uon
911 1778 1000 1839 itemi
1034 1779 1112 1837 Cum
1132 1777 1239 1857 bospiti
1260 1777 1372 1835 nemini

270 1872 380 1931 laceret
401 1872 546 1953 injuriam,
561 1872 698 1952 Collippo
718 1871 852 1933 iacenti
879 1872 956 1933 Cum
979 1870 1017 1942 ei,
1037 1879 1072 1929 ut
1098 1870 1149 1940 ait,
1164 1870 1372 1951 jusjurandum

271 1961 409 2023 detulerit
429 1972 567 2041 tauquam
580 1964 659 2022 bono
677 1962 739 2021 viro
760 1972 791 2020 et
813 1961 927 2021 nullum
946 1961 1061 2021 dicturo
1079 1960 1275 2034 mendacium,
1291 1980 1373 2021 nuno

270 2063 409 2132 tunquam
431 2052 618 2133 deimprobo
631 2066 662 2111 et
682 2052 816 2131 deposita
828 2050 1034 2111 intervertenta
1047 2052 1137 2111 verba
1147 2051 1241 2113 lariti
1273 2070 1374 2113 noune

253 2170 255 2173 ·
271 2161 341 2204 sero
354 2160 421 2203 oum
440 2162 495 2203 neo
512 2145 611 2225 jurare
623 2141 722 2215 vellet,
736 2154 770 2202 ut
781 2143 836 2203 iste
850 2142 931 2217 dicit,
944 2162 1039 2222 neque
1056 2145 1211 2221 pecuniam
1225 2143 1376 2217 redderet,

271 2236 370 2299 atatim
393 2236 550 2297 damnatus
568 2235 667 2297 esset?
699 2235 755 2294 Cui
772 2234 938 2295 verisimilia
956 2234 1031 2295 liant
1051 2234 1120 2308 ista,
1139 2234 1285 2295 ludices?
1306 2236 1375 2317 Ego

271 2329 392 2410 qnidam
405 2330 513 2389 nemini
532 2330 644 2411 opinor.
686 2328 771 2388 Itane
793 2326 994 2388 Archebiades
1016 2344 1051 2388 eo
1069 2328 1147 2387 veuit
1168 2327 1376 2408 improbitatis,

270 2433 305 2482 ut
318 2422 350 2482 in
365 2421 543 2501 Callippum,
565 2432 595 2481 et
614 2420 784 2501 popularem
796 2438 883 2479 suum
902 2429 933 2480 et
953 2421 983 2479 in
999 2417 1152 2500 republica
1163 2432 1332 2482 versantem
1345 2433 1378 2483 et

270 2534 331 2574 non
344 2514 487 2592 privatum
500 2510 659 2589 hominem,
673 2513 870 2575 testimouium
891 2512 980 2585 dieat,
994 2523 1024 2574 at
1044 2533 1100 2574 nos
1113 2532 1213 2573 rerum
1230 2514 1312 2594 loqui
1326 2534 1376 2576 as·

272 2616 360 2677 serat,
375 2607 463 2667 istum
477 2614 576 2667 autem
594 2606 727 2667 mentiri:
748 2606 911 2687 prasertim
925 2626 993 2667 eum
1008 2606 1094 2681 sciat,
1106 2607 1133 2666 si
1146 2607 1202 2666 iste
1214 2606 1280 2668 falsi
1292 2610 1379 2669 testi·

272 2700 364 2760 monii
376 2718 457 2759 reum
474 2700 572 2760 faeere
590 2710 621 2760 et
642 2698 714 2761 nihil
734 2698 815 2759 aliud
832 2699 889 2757 nisi
903 2710 1088 2759 recremento
1108 2698 1228 2777 adigere
1240 2698 1379 2772 voluerit,

271 2812 394 2853 neeesse
409 2792 464 2852 sibi
479 2792 541 2853 lore
552 2791 583 2852 id
596 2790 667 2853 dare
677 2790 895 2873 jusjurandum,
908 2790 989 2869 quod
1007 2790 1063 2851 ista
1072 2788 1204 2870 jusserit.
1245 2790 1377 2864 Deinde,

272 2895 307 2945 ut
329 2886 520 2967 Cephisiades
546 2906 680 2946 nummos
704 2885 821 2954 babeat,
844 2882 933 2943 homo
955 2883 1125 2962 inquilinus,
1148 2893 1201 2941 eut
1222 2880 1379 2961 Phormio,

273 2998 362 3058 quem
376 2980 430 3039 iste
452 2979 563 3058 aliquid
581 2980 619 3040 de
638 2996 753 3039 summa
773 2976 917 3035 delevisse
938 2974 1019 3049 dicit,
1032 2976 1115 3036 vobis
1140 2976 1377 3055 persuadebitur,

273 3074 468 3152 pejeraturum
478 3069 715 3132 Archebiadem?
746 3068 871 3125 Minime
891 3066 922 3126 id
940 3067 1060 3145 quidem
1074 3079 1302 3130 consentaneum
1315 3082 1377 3143 est,

273 3164 407 3225 iudices.
450 3165 555 3241 Neque
576 3163 654 3222 euim
678 3160 766 3219 ullius
789 3159 980 3238 improbitatis
1003 3162 1246 3223 condemnandus
1264 3164 1376 3223 estrei

274 3254 484 3327 Archebiades,
498 3254 546 3323 vel
569 3271 673 3333 pareus
694 3260 811 3327 noster;
840 3250 938 3310 multis
954 3252 1032 3316 euim
1053 3256 1258 3333 experimentis
1274 3255 1376 3316 edocti

273 3345 354 3417 estis,
367 3365 434 3405 eum
447 3345 542 3406 laudis
554 3357 585 3406 et
594 3346 693 3425 glorier
703 3345 792 3405 fuisse
801 3344 1041 3424 appetentiorem,
1054 3367 1143 3426 quam
1155 3363 1189 3409 ut
1197 3349 1309 3427 aliquid
1319 3350 1377 3409 im·

274 3439 399 3519 probum
411 3448 441 3499 et
452 3437 628 3517 flagitiosum
641 3437 740 3499 audio
751 3438 809 3503 sibi
818 3437 950 3512 baberet,
962 3455 1057 3519 neque
1070 3460 1142 3520 erga
1150 3441 1319 3522 Callippum
1333 3442 1378 3505 ita

275 3526 423 3603 affectum,
441 3541 474 3590 ut
495 3548 561 3591 eum
583 3529 643 3591 ulla
664 3550 716 3611 per
735 3540 937 3609 contemptum
960 3531 1065 3607 injuria
1088 3531 1251 3593 meceres:
1277 3554 1376 3613 neque

277 3624 355 3685 eninr
368 3636 427 3685 tam
442 3636 545 3685 tenues
559 3624 622 3704 ejus
637 3642 709 3704 opes
725 3623 795 3685 mibi
814 3642 881 3698 assa
901 3625 1047 3697 videntur,
1062 3634 1097 3685 ut
1117 3625 1203 3687 facila
1224 3630 1375 3689 contemni

275 3718 377 3799 possit,
389 3718 439 3797 qui
450 3727 563 3777 tuntum
575 3716 664 3790 valet,
684 3726 719 3779 ut
736 3736 816 3779 nuno
836 3716 986 3796 superiore
1006 3718 1061 3778 bae
1078 3718 1196 3781 actione
1208 3727 1314 3781 eontra
1324 3740 1373 3783 me

275 3810 418 3882 instituta,
433 3829 501 3871 cum
522 3829 540 3868 a
558 3828 604 3869 me
624 3809 805 3890 postulasset
824 3819 859 3869 ut
880 3810 1029 3871 arbitrium
1048 3810 1208 3891 Lysitbides
1219 3812 1374 3886 deferrem,

275 3924 332 3983 ego
344 3922 520 4004 quamqpam
531 3912 719 3981 contemptus
731 3904 770 3962 ob
783 3921 820 3962 eo
839 3902 870 3961 iu
882 3921 920 3965 ea
938 3923 970 3963 re
988 3902 1060 3963 milri
1076 3914 1156 3966 recta
1168 3906 1374 3978 consuluerim,

275 4016 314 4057 ax
335 3997 433 4077 legum
447 3995 525 4056 enim
546 3995 715 4074 prescripto
727 3994 879 4055 arbitrium
902 3992 996 4055 detuli
1014 4006 1046 4054 et
1062 3996 1148 4057 retuli
1163 3996 1202 4058 ad
1219 3998 1374 4076 magistra·

274 4098 356 4157 tumr
377 4091 432 4151 iste
444 4109 514 4150 vero
527 4088 634 4149 arbitro
646 4087 746 4167 legum
761 4088 935 4149 auctoritate
948 4086 1103 4166 designato
1122 4089 1270 4168 persuasit
1284 4100 1318 4149 ut
1327 4090 1374 4149 iu-

152 4244 159 4259 .
268 4180 386 4259 juratus
398 4182 594 4254 arbitraretur,
615 4200 662 4241 me
681 4179 856 4241 testificante
869 4190 903 4238 ut
914 4197 952 4239 ex
965 4180 1135 4263 prescripto
1146 4182 1248 4261 legum
1255 4182 1374 4262 juratus

272 4275 487 4353 pronunciaret,
499 4274 530 4335 id
544 4284 643 4335 eutem
656 4271 810 4351 Collippus
822 4272 853 4333 iu
866 4272 1057 4352 respectavit
1071 4284 1104 4333 at
1115 4273 1197 4355 apud
1210 4292 1264 4335 ros
1276 4274 1375 4335 dieers

273 4365 482 4445 potestatium
500 4366 685 4447 Lysitbidem
697 4365 792 4425 virum
805 4366 915 4427 Ιιοιιιιιιι
929 4376 965 4425 et
978 4364 1137 4429 honestum
1151 4367 1191 4427 de
1203 4387 1296 4428 eausa
1308 4386 1375 4446 pro·

274 4457 438 4519 nunciasse.
480 4458 644 4537 Lysitbides
666 4458 754 4534 enim,
776 4458 909 4532 Judioas,
930 4458 1002 4520 dum
1022 4468 1104 4539 pater
1116 4460 1242 4531 virebat,
1261 4471 1293 4520 et
1309 4460 1373 4521 siue
