2967 5017
277 337 317 394 ⁸2
625 334 670 394 ΙΝ
690 333 1026 396 CTESlPHONTEM.

278 497 381 551 assent
392 489 474 570 passi
492 489 608 570 legatos
619 455 744 572 operiri,
757 492 863 571 quihus
876 511 913 552 eo
930 503 1059 572 tempore
1072 485 1103 550 in
1115 487 1267 548 Graeciam
1282 487 1398 577 missis

192 607 208 628 2
279 603 368 642 orares
382 582 624 654 cohortabamini,
645 593 679 644 ut
693 584 834 646 adversm
849 583 1016 663 Philippum
1034 581 1181 642 communi
1204 581 1397 640 Graeoonrm

279 675 404 736 concilio
421 676 603 746 interessent,
619 677 753 738 licuisset
770 686 802 736 et
819 694 961 755 processu
981 673 1121 754 temporis
1136 673 1214 732 ultro
1227 672 1319 732 vobis
1335 672 1397 730 de-

278 766 372 829 latum
386 789 404 830 a
418 769 533 830 Graecis
546 769 700 848 imperium
719 770 890 830 obtinuisse.
933 769 1008 828 Hes
1027 777 1128 846 erepta
1141 765 1223 825 robis
1242 775 1321 824 suut
1336 783 1396 842 per

281 861 513 922 Demosthenem
525 870 555 920 et
567 861 765 922 Philocratem
779 871 1050 938 eorumque-turpes
1067 857 1261 939 corruptelas,
1275 856 1395 934 quibus

278 953 393 1012 inducti
406 963 509 1012 contra
529 963 656 1013 vestram
669 974 761 1034 remp.
775 952 972 1032 conjurarunt.
1002 949 1090 1018 Quod
1110 950 1135 1009 si
1152 959 1282 1008 vestrum
1308 949 1393 1006 noh-

281 1045 370 1105 nullis
384 1046 490 1124 raptim
503 1045 567 1106 hmo
580 1056 611 1105 et
623 1046 782 1126 derepente
796 1045 980 1105 audientibus
993 1043 1082 1122 paulo
1100 1040 1303 1102 incredibilior
1319 1039 1390 1098 haec

281 1138 399 1209 accidat
411 1137 513 1209 oratio,
523 1137 562 1197 ad
572 1157 609 1196 ea
617 1159 685 1217 quta
695 1149 916 1216 consequuntur
929 1137 971 1195 ita
984 1136 1096 1194 animos
1110 1133 1268 1202 attendite,
1279 1151 1390 1210 quem·

282 1229 443 1290 admodum
464 1248 532 1288 cum
553 1229 592 1288 de
614 1231 769 1309 insumptis
798 1227 929 1308 peoumis
946 1239 1013 1305 post
1033 1226 1155 1304 longum
1176 1225 1321 1302 temporis
1342 1223 1390 1281 in-

281 1320 435 1380 tervallum
454 1320 494 1381 ad
513 1321 638 1382 rationes
653 1321 853 1401 reposcendas
871 1319 1028 1378 sedemus:
1050 1335 1262 1396 nonuunquam
1280 1316 1389 1394 utique

284 1412 377 1472 salsas
396 1413 486 1472 domo
506 1413 545 1474 de
564 1414 722 1474 rationibus
745 1413 894 1491 opiniones
916 1410 1069 1481 afferimus,
1090 1421 1189 1470 verum
1211 1409 1263 1468 ubi
1285 1427 1334 1468 eas
1358 1409 1390 1466 in

282 1523 427 1564 summam
447 1504 581 1566 collectae
594 1504 712 1574 fuerint,
734 1523 821 1563 nemo
842 1516 975 1564 nostrum
999 1502 1074 1562 adeo
1095 1503 1252 1580 prset‘raoto
1273 1510 1326 1560 est
1347 1501 1389 1558 in-

283 1597 382 1674 genio,
396 1597 467 1676 quin
481 1595 555 1655 illud
570 1595 726 1656 discedens
746 1595 873 1656 lateatur
886 1606 916 1656 et
933 1603 1045 1656 annuat
1065 1613 1131 1654 esse
1152 1610 1266 1663 verum,
1288 1591 1389 1668 quod·

283 1706 399 1765 cunque
412 1687 478 1767 ipsa
490 1689 635 1748 rationum
649 1688 806 1748 subductio
820 1687 946 1748 evicerit.
969 1688 1015 1746 lta
1029 1686 1116 1746 etiam
1130 1694 1162 1744 et
1174 1701 1255 1742 nuuc
1268 1684 1389 1742 animos

285 1780 439 1840 attendite.
478 1779 588 1858 Siquis
609 1792 737 1841 restrum
763 1780 850 1840 talem
872 1780 1037 1858 opinionem
1052 1776 1226 1852 iamdudum
1248 1793 1390 1854 compre·

284 1869 406 1930 hensam
427 1871 515 1931 domo
528 1871 644 1942 detulit,
667 1871 737 1931 nihil
753 1889 882 1948 unquam
897 1869 1138 1938 Demosthenem,
1157 1863 1285 1926 coitione
1307 1865 1390 1924 sarta

284 1982 353 2026 cum
368 1961 545 2035 Philocrate,
558 1980 612 2042 pro
626 1963 763 2044 Philippo
775 1961 1035 2040 dixisse-quiea
1048 1961 1168 2038 inquam
1180 1957 1282 2016 animo
1291 1967 1353 2026 est,
1367 1958 1389 2016 is

285 2075 383 2133 neque
396 2057 529 2118 absolvet
547 2075 723 2136 quemquam
744 2075 838 2135 neque
858 2054 1044 2126 condemnet,
1058 2053 1228 2132 priusquam
1242 2049 1388 2114 audierit:

285 2148 473 2224 nequeenim
487 2147 517 2207 id
532 2167 650 2226 mquum
664 2158 728 2208 est:
750 2160 782 2212 at
793 2148 817 2208 si
832 2167 878 2206 me
889 2148 988 2226 paucis
998 2143 1201 2206 auscultaretis
1210 2153 1241 2202 et
1252 2151 1388 2220 tempora

285 2231 562 2301 commemorantem
578 2251 609 2300 et
626 2240 788 2312 decretum,
809 2240 889 2319 quod
903 2237 1069 2300 Philocrate
1089 2235 1169 2296 socio
1188 2235 1307 2313 scripsit
1330 2234 1389 2293 De·

285 2331 463 2403 mosthenes,
476 2331 681 2410 proferentem,
696 2334 723 2391 si
736 2333 800 2410 ipsa
813 2331 942 2390 veritatis
958 2330 1138 2390 ratiocinatio
1152 2329 1387 2389 Demosthenem

227 2489 233 2496 ,
286 2420 467 2499 implicatum
486 2422 652 2499 coarguerit
663 2422 750 2500 plura
767 2421 932 2481 Philocrate
946 2421 1066 2480 decreta
1086 2421 1125 2482 de
1140 2421 1233 2499 prima
1245 2419 1299 2479 illa
1316 2439 1388 2500 pace
1461 2433 1462 2436 ’

287 2521 319 2572 et
338 2511 479 2570 societate
498 2511 718 2589 conscripsisse,
747 2531 800 2591 per
824 2531 969 2572 summum
987 2531 1076 2590 porro
1097 2511 1225 2572 dedecus
1250 2511 1388 2590 Philippo

287 2601 408 2682 ejusque
421 2601 525 2681 legatis
539 2601 692 2662 adulatum
710 2623 787 2676 esse,
801 2603 831 2662 iu
849 2623 941 2663 causa
961 2613 1103 2682 praterea
1115 2602 1204 2664 luisse
1218 2622 1280 2681 quo
1294 2603 1388 2664 miuus

287 2713 365 2772 resp.
375 2694 578 2752 consentiente
591 2695 763 2754 Graecorum
772 2695 902 2754 'concilio
916 2713 1018 2772 pacem
1031 2693 1151 2764 iaceret,
1164 2702 1302 2768 postremo
1318 2695 1386 2753 Cer·
1460 2727 1461 2730 ¹

288 2786 452 2864 sobleptem
465 2803 566 2864 regem
579 2784 722 2857 Thraciae,
737 2786 864 2846 amioum
878 2795 969 2864 atque
988 2785 1100 2844 socium
1122 2795 1230 2845 nostre
1250 2785 1387 2859 civitatis,

288 2877 424 2956 Philippo
435 2875 591 2936 tradidisse
600 2874 749 2952 2-htecpi
759 2877 841 2936 robis
850 2875 1014 2936 luculenter
1023 2875 1192 2945 ostendero,
1202 2895 1266 2936 rem
1280 2881 1388 2956 arquis·

259 2999 262 3011 .
288 2969 392 3029 simam
405 2989 425 3030 a
437 2968 519 3027 robis
538 2979 648 3047 petam,
662 2967 812 3029 fateamini
834 2967 903 3028 mihi
920 2987 972 3048 per
989 2967 1062 3028 deos
1076 2967 1252 3028 immortales
1276 2969 1386 3030 Demo-

289 3060 425 3122 sthenem
437 3060 493 3120 hoc
506 3071 637 3141 tempore
650 3061 732 3140 quod
746 3082 762 3122 e
784 3072 909 3141 quatuor
921 3062 1044 3142 primurn
1060 3073 1105 3122 est
1118 3082 1208 3142 remp.
1230 3083 1292 3122 non
1312 3065 1387 3124 bene

169 3165 179 3181 ⁸
290 3153 522 3214 administrasse.
544 3152 618 3212 lude
631 3162 730 3213 autem
744 3153 850 3224 ordiar,
865 3153 943 3212 unde
957 3152 1093 3214 facillime
1103 3154 1243 3232 subsequi
1256 3154 1386 3234 possitis.

332 3246 383 3302 23.
411 3242 551 3302 Decrevit
577 3242 770 3316 Philocrates,
798 3255 831 3306 ut
854 3245 1061 3308 caduceatores
1086 3245 1146 3308 buc
1165 3257 1195 3306 et
1214 3246 1331 3324 legatos
1351 3249 1388 3307 de

289 3350 365 3412 pace
386 3349 423 3392 ae
443 3332 584 3392 societate
604 3333 739 3396 mittendi
759 3338 845 3416 copia
864 3337 983 3400 daretur
1004 3338 1149 3418 Philippo.
1185 3339 1300 3400 Scitum
1320 3339 1390 3412 hoc,

290 3432 432 3501 tanquam
445 3423 562 3500 legibus
574 3424 741 3500 aduersum,
755 3428 843 3508 injus
857 3441 990 3492 vocatur.
1012 3431 1102 3490 Venit
1109 3429 1214 3510 judicii
1227 3430 1302 3492 dies'.
1329 3431 1388 3494 Ac·

290 3517 415 3578 cusabat
428 3515 556 3596 Lycinus
574 3516 625 3595 qui
643 3517 740 3578 fficam
754 3523 920 3601 scripserat,
933 3541 1051 3584 causam
1065 3522 1183 3582 dicebat
1197 3521 1387 3597 Philocrates,

291 3617 432 3690 patronus
445 3619 510 3668 erat
524 3609 752 3674 Demosthenes.
790 3615 953 3676 Absolutus
966 3625 1012 3674 est
1026 3615 1216 3676 Philocrates.
1238 3615 1313 3674 Post
1326 3616 1388 3676 hoc

195 3709 203 3726 ⁶
291 3701 409 3762 subibat
423 3711 549 3782 tempus,
561 3723 621 3782 quo
637 3703 755 3765 Archon
770 3715 833 3767 erat
844 3707 1066 3768 Themistocles.
1086 3706 1161 3766 Tum
1174 3707 1205 3766 in
1216 3707 1329 3766 curiam
1343 3729 1388 3768 se·

291 3803 378 3852 nator
391 3794 471 3852 venit
485 3795 713 3867 Demosthenes,
726 3785 821 3875 neque
840 3809 918 3856 sorte
933 3817 1030 3876 neque
1043 3797 1202 3858 subsertito
1214 3817 1311 3868 masur
1323 3800 1390 3858 illud

292 3894 478 3956 consecutus,
493 3885 546 3945 sed
563 3887 688 3946 coitione
703 3887 784 3947 iacta
800 3888 992 3960 nundinatus,
1007 3899 1040 3948 ut
1054 3889 1237 3949 omnibuset
1249 3889 1336 3950 dictis
1357 3901 1387 3950 et

127 3965 136 3976 ’
179 4004 187 4020 ¹
291 3977 377 4040 factis
392 3976 549 4038 Philocrati
563 3979 749 4048 subserviret,
764 3979 912 4058 quomodo
926 4001 973 4041 res
986 3981 1051 4060 ipsa
1064 3979 1232 4040 declaravit.
1268 3980 1391 4040 Persiu:

291 4070 333 4130 cit
342 4071 420 4129 enim
433 4067 556 4127 alterum
566 4068 716 4130 decretum
726 4071 918 4143 Philocrates,
929 4093 988 4150 quo
996 4072 1083 4152 jubet
1096 4071 1197 4132 decem
1210 4071 1325 4152 legatos
1335 4073 1386 4134 de·

292 4158 355 4237 ligi,
369 4159 419 4240 qui
429 4160 471 4240 ad
485 4160 654 4239 Philippum
667 4161 791 4240 proiecti
803 4164 953 4242 postulent
965 4166 1003 4226 ab
1017 4183 1065 4237 eo,
1082 4174 1115 4224 ut
1128 4164 1243 4242 legatos
1257 4164 1295 4224 de
1313 4185 1386 4243 paee

293 4247 382 4329 plena
394 4260 539 4330 potestate
556 4250 713 4312 instructos
726 4253 785 4314 huc
800 4255 963 4316 mandaret.
995 4257 1040 4315 Ex
1052 4255 1099 4316 his
1113 4275 1188 4316 unus
1201 4265 1265 4315 erat
1278 4255 1386 4318 Demo-

293 4339 424 4427 sthenes.
447 4344 506 4412 Qui
517 4345 598 4406 illinc
607 4365 739 4408 resersus
750 4349 978 4432 laudatorpacis
989 4349 1055 4422 luit,
1069 4351 1230 4430 eademque
1243 4359 1333 4429 atque
1343 4369 1386 4411 re·

160 4437 167 4444 ”
294 4429 368 4514 liqui
386 4432 477 4514 legati
496 4436 686 4512 renunciavit,
707 4441 788 4502 solus
808 4451 906 4504 autem
925 4463 963 4504 ex
983 4443 1167 4506 senatoribus
1194 4440 1332 4515 decrerit,
1354 4453 1386 4504 ut
