2967 5017
254 331 294 389 ⁶0
490 323 546 385 DE
567 321 681 384 MALE
700 319 834 386 GESTA
855 319 1104 382 LEGATIONE.

255 481 360 542 civium
379 479 478 540 album
491 480 658 560 inscriptus,
672 478 785 558 popolo
804 476 1007 556 largitionibus
1027 483 1173 554 corrupto,
1194 493 1227 532 se
1251 472 1361 552 glsdm

255 573 364 634 collum
383 573 410 633 ei
424 574 612 651 praecisumm
631 571 821 642 minitaretur,
839 569 890 649 qui
913 569 995 650 pacis
1018 568 1196 630 mentionem
1215 563 1360 628 iecisset:
1464 591 1465 612 ι

255 665 376 726 tandem
390 683 427 724 eo
444 683 505 723 rem
518 661 567 722 illi
585 663 797 742 perduxerunt,
811 673 845 720 ut
858 661 967 742 cupide
978 677 1083 740 pacem
1097 659 1360 738 amplecterentur,
1464 673 1465 684 ¹

255 757 395 816 cedentes
419 756 554 815 omnibus
575 755 824 834 possessionibus,
835 754 981 812 maenibus
1000 752 1133 832 dejectis,
1153 749 1298 830 praesidio
1311 769 1359 810 re·
1464 757 1465 762 ’

258 858 355 926 cepto,
377 856 408 906 et
427 848 568 927 praelecto
582 845 817 919 Lacedaemonio,
839 855 870 904 et
886 844 989 925 populi
1006 845 1181 904 eumerium
1205 842 1245 902 ed
1269 861 1360 902 xxx.
1464 865 1465 870 ¹

232 1013 241 1022 .
258 951 400 1020 tyrannos
413 939 567 1013 translata,
580 939 631 1016 qui
646 955 706 997 nn.
721 939 801 998 cives
815 937 927 997 indicta
940 955 1031 998 causa
1049 935 1231 996 occiderunt.
1253 935 1361 996 Talem

259 1032 451 1092 temeritatem
466 1049 534 1090 esse
556 1031 730 1101 cavendam,
749 1031 895 1088 monuisse
913 1049 959 1088 me
974 1029 1123 1108 profiteor,
1140 1043 1176 1088 es
1196 1045 1268 1089 rere
1291 1045 1362 1104 qum
1464 1057 1465 1108 p

259 1123 350 1201 paulo
363 1133 433 1181 ente
447 1122 520 1194 dixi,
530 1141 597 1182 esse
609 1121 758 1182 imitanda.
797 1121 901 1200 Neque
914 1121 993 1180 enim
1007 1123 1044 1180 ab
1056 1118 1161 1180 alienis
1172 1118 1233 1190 illa,
1254 1119 1308 1178 sed
1321 1120 1362 1178 ab
1464 1115 1465 1190 ζ

261 1216 397 1274 amnium·
412 1215 652 1289 conjunctissimo
671 1213 835 1274 audiebam.
872 1215 949 1276 Nam
971 1215 1136 1273 Atrometus
1154 1221 1240 1290 pater
1259 1220 1364 1271 noster
1464 1239 1465 1296 ι

261 1305 350 1365 -cui
366 1317 399 1364 tu
416 1306 577 1379 maledicis,
594 1326 663 1366 cum
684 1325 753 1365 eam
772 1307 900 1384 ignores,
919 1325 1015 1384 neque
1030 1305 1136 1364 rideris
1149 1303 1287 1381 quisnam
1307 1323 1362 1364 sne

262 1409 348 1457 aetate
361 1398 460 1473 fuerit,
482 1399 573 1476 idque
594 1400 820 1468 Demosthenes,
842 1417 909 1458 eum
934 1409 1097 1458 maternum
1119 1406 1200 1456 tunm
1223 1413 1320 1474 genus
1342 1415 1364 1456 a
1464 1395 1465 1450 l

262 1491 444 1569 vagabundis
466 1491 584 1570 Scythis
598 1491 740 1571 originem
756 1491 948 1551 trahat-sub
965 1509 1052 1550 xxx.
1066 1488 1199 1568 tyrannis
1218 1490 1363 1568 prodigit,

264 1592 294 1641 et
313 1583 454 1661 populum
469 1582 607 1641 restituit.
636 1583 676 1642 Et
694 1584 795 1642 matria
810 1592 921 1642 nostrae
944 1583 1043 1650 freter,
1062 1577 1226 1640 avunculus
1247 1589 1362 1649 noster,

264 1673 436 1744 Cleobulus,
458 1674 566 1734 Glauci
580 1674 779 1737 Achemeneis
794 1695 834 1744 a„
849 1693 916 1734 curn
936 1673 1111 1734 Demaeneto
1125 1670 1248 1748 Buaigo,
1260 1670 1364 1730 Chilo-

263 1783 330 1824 sem
343 1766 600 1826 Lacedaemonium
614 1768 712 1827 nar'ali
732 1767 835 1845 praelio
854 1766 933 1825 vicit.
961 1765 1064 1843 ltaque
1085 1761 1279 1822 domesticum
1291 1762 1364 1822 mhi

265 1867 321 1927 est,
335 1868 365 1916 et
379 1858 530 1930 usitatum,
545 1859 625 1917 urbis
640 1857 779 1918 adversos
793 1875 881 1917 cesus
896 1855 1014 1915 auribus
1028 1856 1173 1933 accipere.

306 1951 354 2008 25.
376 1949 491 2028 Objicis
506 1949 577 2008 mihi
590 1959 732 2029 preterea
745 1949 917 2008 concionem
930 1947 962 2005 in
976 1947 1103 2008 Arcadia
1116 1945 1194 2025 apud
1211 1959 1245 2006 ιι.Ι
1270 1965 1305 2005 rr.
1321 1949 1364 2006 ri-

265 2057 361 2098 rornm
380 2039 520 2108 habitam,
536 2050 566 2099 et
578 2040 757 2118 legationem
771 2039 861 2110 illam,
875 2057 979 2117 meque
999 2039 1183 2098 immutatum
1196 2055 1265 2097 essa
1278 2038 1365 2110 dieis,

263 2151 333 2189 cum
347 2132 388 2189 sis
411 2132 474 2209 ipse
488 2132 626 2211 mancipii
640 2131 752 2204 similis,
766 2139 923 2190 attentum
945 2149 1004 2189 nnn
1026 2129 1166 2188 Threiciis
1182 2130 1271 2189 notis¹
1281 2149 1363 2192 cem-

265 2231 392 2300 punctus
406 2223 570 2302 transfuga.
592 2223 656 2301 Ego
667 2228 735 2284 re‘ro
747 2224 777 2282 in
786 2223 874 2294 bello,
888 2231 1030 2300 questum
1041 2222 1102 2281 lieri
1114 2221 1221 2300 potuit,
1230 2223 1366 2284 Arcadas

265 2323 296 2372 et
310 2323 423 2372 ceteros
438 2313 560 2372 Groecos
574 2325 679 2372 contm
698 2314 866 2392 Philippum
888 2315 1043 2386 concitavi,
1058 2333 1124 2372 cum
1139 2323 1237 2372 autem
1255 2325 1365 2375 morte·

263 2404 336 2462 lium
355 2423 441 2462 nemo
454 2404 622 2482 reipublice
635 2423 722 2484 opem
742 2406 839 2476 ferret,
856 2405 909 2464 sed
926 2405 974 2469 olii
987 2415 1124 2472 eventum
1142 2406 1240 2486 utiam
1256 2426 1363 2486 exspe-

265 2504 387 2561 ctarent,
402 2493 451 2554 alii
464 2513 518 2552 nos
532 2509 746 2574 oppugnarent,
760 2497 865 2556 urbani
879 2507 978 2556 autem
993 2507 1121 2556 oratores
1136 2516 1172 2556 ex
1191 2497 1269 2556 bello
1290 2518 1364 2576 quo-

263 2586 376 2646 tidiano
384 2603 439 2652 suo
452 2585 533 2646 luxui
541 2597 679 2666 sumptus
692 2589 926 2669 suppeditarent,
940 2589 1050 2669 populo
1062 2609 1110 2648 me
1116 2589 1249 2654 ‚suasisse
1258 2591 1366 2663 fateor,

264 2687 299 2736 ut
311 2697 379 2738 curn
394 2676 529 2758 Philippo
542 2679 791 2753 reconciliaretur,
803 2691 836 2740 et
854 2699 958 2760 pacem
968 2683 1118 2760 jungeret,
1131 2699 1219 2758 quam
1233 2691 1267 2742 tu
1284 2701 1364 2743 nuuc

266 2781 380 2848 turpem
398 2770 558 2841 existimas,
578 2789 646 2830 cum
664 2789 746 2831 arma
766 2791 917 2848 nunquam
940 2773 1081 2850 attigeris.
1117 2773 1183 2851 Ego
1206 2793 1276 2833 vero
1298 2793 1363 2833 mm

161 2919 164 2924 .
265 2863 356 2940 longe
369 2851 566 2921 honestiorem
585 2860 665 2918 hello
684 2882 750 2922 esse
772 2861 893 2920 affines.
929 2865 1007 2919 Sunt
1025 2873 1135 2932 numm,
1153 2863 1366 2936 saeuientes,

266 2952 359 3031 legati
368 2951 521 3030 spectandi
534 2969 571 3009 aa
584 2970 621 3010 eo
634 2963 776 3030 tempore,
786 2951 846 3029 quo
859 2951 1035 3031 legationem
1046 2953 1221 3014 nutarunt:
1242 2955 1333 3016 ducet
1344 2975 1364 3015 a

209 3117 214 3120 ,
267 3047 370 3126 copiis,
387 3045 576 3123 quibuscum
589 3043 710 3123 imperio
722 3045 913 3122 prefuerunt.
940 3043 1056 3103 Etenim
1073 3055 1105 3107 et
1118 3055 1232 3106 statuas
1246 3049 1365 3126 erigitis,

266 3146 297 3196 et
306 3135 470 3216 principem
483 3135 580 3193 locum
593 3135 761 3211 assignatis,
774 3144 805 3200 et
817 3153 954 3205 coronas,
969 3146 1000 3194 et
1012 3138 1122 3198 ricmiri
1137 3137 1168 3195 in
1182 3139 1264 3200 ouria
1276 3140 1366 3213 detis,

267 3247 328 3286 non
341 3228 376 3285 iia
389 3227 440 3303 qni
448 3243 553 3302 panem
563 3225 771 3297 renuncierint,
785 3226 838 3284 rad
852 3227 886 3286 iis
897 3227 948 3306 qui
957 3214 1057 3288 hastas
1072 3229 1174 3308 prmlic
1186 3233 1364 3310 superarint.

250 3317 359 3384 „Quod
376 3315 555 3374 sibellorum
570 3313 697 3375 rabones
715 3335 733 3376 a
754 3317 857 3397 legatis
877 3331 1078 3398 reposcantur,
1096 3321 1218 3400 prsernis
1239 3322 1366 3385 ducibus

265 3407 438 3476 tribuentur,
453 3405 597 3475 efficieus,
607 3408 733 3468 utnulla
741 3427 873 3487 unquam
885 3412 965 3470 bella
977 3413 1024 3471 rel
1038 3413 1209 3474 humaniter
1217 3429 1365 3494 guntur,

266 3499 311 3560 vel
325 3497 441 3577 placide
451 3509 671 3578 componantur.
692 3500 790 3562 Nemo
805 3503 882 3562 enim
894 3503 1009 3582 legatus
1021 3505 1064 3563 ire
1076 3505 1164 3565 nolet

307 3593 365 3651 bd·
380 3591 469 3649 Nunc
482 3590 624 3671 reliquum
646 3603 703 3665 est,
715 3604 752 3652 nt
770 3594 809 3652 de
826 3595 1020 3674 Cersoblepte
1040 3607 1077 3658 et
1091 3595 1306 3670 Phocensibns,
1329 3617 1368 3660 sc

267 3681 372 3743 ceteris
396 3683 518 3761 objectis
538 3684 609 3743 mibi
625 3685 795 3744 criminibus
815 3685 921 3746 diuam.
959 3689 1034 3767 Ege,
1056 3687 1263 3762 Aduenientem,
1285 3701 1316 3750 et
1333 3693 1367 3750 in

247 3782 256 3796 ‘
268 3774 363 3853 prlors
383 3785 415 3833 et
426 3775 458 3833 in
470 3776 631 3852 pusteriom
643 3777 800 3854 legatione,
816 3797 884 3855 quse
897 3779 966 3850 ridi,
983 3791 1019 3840 ut
1038 3781 1107 3853 uidi,
1120 3799 1189 3858 qnae
1202 3781 1313 3851 audiri,
1332 3791 1367 3842 nt

268 3865 375 3940 audiri,
389 3867 567 3926 renunciari.
589 3867 665 3935 Quae
677 3870 766 3945 igiurr
776 3869 840 3928 beru
855 3881 979 3950 utraque
992 3873 1121 3948 luerunt,
1138 3893 1205 3952 quse
1219 3884 1251 3934 et
1261 3873 1322 3932 ‘ridi
1332 3885 1368 3934 et

270 3957 369 4017 andivi
391 3953 431 4016 da
450 3957 662 4038 Gersebleptel
689 3959 759 4021 Vidi
778 3981 846 4041 ego,
866 3973 898 4022 et
920 3963 1011 4044 legati
1028 3983 1142 4038 omnes,
1165 3965 1375 4044 Gsrsoblept'n·

269 4047 370 4119 lilium,
384 4049 519 4110 obsidem
536 4049 673 4131 Philippo
691 4051 815 4113 datum:
836 4054 925 4132 idque
943 4057 1031 4116 etiam
1047 4075 1127 4118 nuno
1147 4059 1191 4117 its
1212 4077 1244 4119 se
1264 4058 1366 4118 habet.

269 4139 387 4202 Accidit
398 4152 506 4213 moen,
519 4142 589 4200 mm
608 4144 704 4222 priore
718 4145 864 4224 legatione
878 4148 1083 4226 fungebamur,
1096 4159 1132 4209 nt
1149 4169 1205 4228 ego
1218 4169 1288 4209 cunr
1302 4151 1366 4210 col-

268 4230 345 4308 legis
356 4233 416 4293 buc
434 4235 566 4305 redirem,
590 4235 743 4316 Philippus
756 4251 854 4298 eutem
872 4240 902 4297 in
916 4239 1071 4301 Threciam
1091 4241 1300 4321 egrederetm,
1313 4243 1368 4322 qni

270 4322 422 4382 uobiscum
437 4325 609 4404 pepigisset,
629 4327 700 4386 dum
720 4347 773 4388 ros
794 4331 832 4389 da
855 4349 929 4409 pace
950 4332 1161 4410 deliberantis,
1182 4353 1216 4392 aa
1236 4333 1367 4394 Cherso-

269 4416 473 4486 nem-,amir
486 4435 546 4476 non
559 4419 733 4480 invasurum.
764 4421 819 4481 lllo
831 4422 919 4501 igitur
931 4423 1136 4503 dieqnoeos
1146 4442 1249 4505 meem
1261 4426 1366 4486 deme·
