2967 5017
254 333 316 394 6⁰4
542 327 763 388 ADVERSUS
783 321 1052 387 PHAENIPPUM.

255 485 345 559 liaris,
360 496 389 544 et
410 502 488 545 nunc
504 484 629 564 denique
643 503 690 544 ma
703 481 760 542 tria
772 481 883 541 talenta
900 476 1024 558 reipubl.
1047 490 1198 534 numerare
1220 479 1348 551 oportet,

256 577 398 638 talentum
415 595 468 655 pro
488 574 702 658 portione-lui
725 572 802 632 enim
814 580 845 630 et
856 571 928 650 ipse,
941 567 1019 648 quod
1033 568 1143 628 utinam
1155 572 1232 624 esset
1253 562 1347 633 aliter,

256 669 363 729 iodinae
379 665 536 774 publicatas
555 669 775 747 particeps-ut
791 664 822 724 in
843 683 940 723 meum
957 661 1054 722 lucum
1071 657 1246 719 substituere
1259 674 1349 715 coner

255 779 332 832 eum,
346 761 396 839 qui
410 779 469 820 nun
482 779 561 820 nuuc
581 761 669 819 modo
688 771 733 818 est
748 777 794 817 me
806 754 991 834 locupletior,
1006 751 1059 812 sed
1075 752 1155 831 prius
1176 749 1264 810 etiam
1283 747 1349 820 ruit,

255 861 288 911 et
308 851 423 910 nullum
447 850 530 912 vohis
554 870 683 930 unquam
702 867 809 909 munius
831 847 912 918 obiit,
932 865 1030 925 neque
1048 843 1173 924 reipubl
1193 840 1350 920 quicqum

254 941 397 1002 hactenus
410 943 544 1013 contulit,
557 961 680 1003 necesse
701 952 754 1002 est.
797 939 885 999 Vos
876 941 964 1018 igitur
983 954 1088 998 omnes
1102 953 1165 1005 oro,
1180 933 1314 1004 Judices,
1325 928 1351 992 si

256 1033 413 1094 ostendero
424 1033 615 1114 Phoenippum
629 1044 659 1093 et
676 1033 796 1093 definita
807 1029 948 1111 legibus
935 1047 1005 1110 Jura
1017 1027 1143 1088 violasse
1155 1035 1187 1085 et
1197 1021 1352 1104 locupleti·

256 1143 336 1186 orem
348 1143 415 1185 esse
427 1146 516 1204 quam
529 1145 585 1206 ogo
599 1146 674 1203 sum,
696 1115 730 1183 ut
752 1136 781 1184 et
805 1142 851 1183 me
867 1122 986 1204 juvetis,
999 1132 1030 1181 et
1048 1121 1137 1181 istum
1156 1136 1221 1179 meo
1239 1113 1330 1176 loco
1320 1134 1352 1174 ru

255 1225 451 1282 sectatorum
465 1217 589 1278 classem
605 1171 744 1278 resciatis.
787 1215 909 1294 Propter
927 1213 986 1272 huc
998 1210 1075 1281 eninr
1095 1211 1178 1288 leges
1194 1206 1352 1286 quotannis

254 1310 482 1387 permutationes
501 1307 677 1382 concedunt,
692 1307 772 1388 quod
785 1306 967 1366 conservatio
979 1314 1124 1385 perpetus
1143 1320 1185 1360 rer
1176 1297 1353 1358 familiaris

256 1408 287 1458 et
307 1400 488 1461 incremento
505 1402 605 1480 paucis
628 1401 740 1461 civibus
754 1417 924 1479 permissere
943 1399 1049 1457 solent.
1090 1395 1137 1454 Ab
1153 1392 1235 1452 initio
1252 1400 1352 1451 autern

255 1490 338 1551 vobis
353 1493 449 1553 omnia
463 1513 529 1574 quae
544 1493 573 1552 in
586 1491 801 1574 permutatione
815 1490 986 1551 acciderunt
996 1486 1238 1548 commemorabo.

299 1585 326 1644 3.
348 1583 459 1647 Mensis
476 1585 624 1657 Quintilis,
646 1585 778 1656 Judices,
801 1582 847 1642 die
867 1581 1008 1653 secundo,
1023 1581 1114 1641 duces
1128 1574 1267 1637 trecentis
1285 1594 1353 1654 per·

256 1679 433 1738 mutationes
454 1685 676 1759 proposuerunt.
719 1677 754 1733 In
776 1676 810 1733 iis
832 1695 869 1733 ex
890 1675 955 1754 lege
975 1674 1168 1752 Phaenippum
1188 1668 1293 1729 citavi:
1315 1686 1353 1727 eo

255 1769 344 1846 igitur
357 1771 447 1830 citato
461 1781 491 1830 et
504 1768 640 1829 adhibitis
655 1766 830 1846 quibusdam
850 1767 1038 1827 familiaribus
1054 1776 1085 1826 et
1097 1764 1208 1835 amicis,
1224 1761 1355 1842 Cythera

257 1859 296 1916 ivi
309 1861 338 1918 in
354 1862 416 1940 ejus
432 1861 566 1919 fundum.
609 1860 654 1917 Ac
673 1859 798 1934 primum
819 1858 876 1914 obii
891 1858 1014 1914 fundum
1033 1860 1108 1934 ejus,
1123 1856 1173 1932 qui
1193 1855 1353 1914 stadiorum

257 1960 320 2010 erut
342 1951 466 2029 amplius
488 1949 683 2026 quadraginta
701 1947 897 2015 circumcirca,
911 1956 942 2002 et
960 1945 1076 2003 ostendi
1097 1955 1128 2004 et
1143 1955 1268 2004 testatus
1287 1963 1356 2003 sum

256 2059 354 2099 coram
375 2040 547 2115 Phaenippo,
562 2035 658 2094 nullos
681 2035 774 2096 fundo
796 2032 912 2093 libellos
930 2032 1040 2097 affixos
1059 2054 1143 2096 esse:
1170 2035 1215 2094 sin
1237 2035 1299 2113 ipse
1321 2035 1355 2094 id

257 2129 423 2198 affirmaret,
438 2125 535 2187 statim
550 2145 615 2185 eum
635 2126 733 2185 dicere
750 2125 889 2204 jubebam
904 2136 934 2185 et
954 2126 1120 2197 ostendere,
1133 2137 1167 2184 ut
1188 2145 1227 2184 ne
1249 2135 1358 2205 postes

256 2219 363 2279 fundus
382 2241 439 2280 sere
453 2220 548 2278 alieno
562 2219 718 2278 obstrictus
733 2238 800 2278 esse
814 2218 1021 2298 perhiberetur.
1063 2216 1180 2277 Deinde
1199 2217 1358 2296 obsignari

257 2311 411 2385 domicilia,
426 2321 548 2374 etmeas
562 2312 640 2370 ades
655 2329 722 2370 eum
732 2311 844 2389 ingredi
857 2310 941 2387 jussi.
976 2308 1085 2370 Postea
1094 2310 1225 2389 quesivi,
1238 2310 1290 2369 ubi
1300 2328 1356 2368 ex·
1384 2353 1398 2374 .

256 2423 374 2464 cussum
389 2404 564 2462 frumentum
586 2411 788 2462 esset-erant
806 2402 883 2461 enirn
906 2401 955 2475 ibi,
968 2402 1101 2475 Judioes,
1115 2403 1198 2463 diros
1211 2402 1355 2483 dirasque

256 2506 357 2568 testor,
371 2495 437 2555 duoe
456 2493 644 2566 tremissum
659 2495 757 2575 jugeri
779 2492 969 2574 amplitudine
992 2505 1165 2573 utreque-,
1180 2496 1205 2554 is
1216 2515 1286 2556 vero
1306 2515 1355 2555 re-

257 2587 385 2665 spondit,
399 2587 575 2646 frumentum
589 2587 694 2666 partim
707 2586 869 2659 venditum,
883 2589 987 2667 partim
1009 2587 1089 2648 intus
1103 2608 1169 2648 esse
1183 2588 1353 2669 repositum.

258 2680 404 2755 Tandem,
425 2701 463 2741 ne
484 2681 604 2759 longum
627 2680 745 2751 faciam,
768 2681 908 2741 constitui
930 2681 1070 2750 custodes
1092 2681 1172 2741 intus
1197 2680 1354 2760 quosdam,

255 2787 345 2854 atque
368 2773 570 2834 mediusfidius
591 2772 677 2834 etiarn
702 2772 779 2834 edixi
801 2783 836 2833 ut
858 2783 970 2833 vetaret
992 2791 1138 2852 eguaonea
1161 2774 1313 2833 materiam
1335 2793 1355 2833 e

254 2867 350 2930 fundo
364 2867 596 2928 avehere—nam
609 2876 713 2946 prater
725 2876 848 2927 ureteras
860 2865 1012 2945 Phanippi
1025 2883 1108 2945 opes,
1116 2865 1134 2925 J
1137 2866 1249 2937 udices,
1262 2863 1353 2926 eu'sn

254 2962 306 3023 hic
319 2960 443 3041 amplius
456 2971 503 3022 est
516 2959 679 3029 ‹ai-reditus,
693 2977 745 3017 sex
764 2957 839 3017 asini
858 2977 912 3036 per
930 2966 1027 3016 tutum
1037 2977 1150 3017 aunum
1162 2955 1356 3016 materiensi

255 3055 384 3122 vehunt·
405 3053 485 3112 unde
498 3054 552 3112 iste
564 3052 594 3109 in
607 3049 739 3126 singulos
753 3047 817 3108 dies
834 3047 959 3128 amplius
973 3048 1006 3082 *¹
1019 3048 1167 3109 drachmis
1178 3048 1353 3129 percipiu-‚

255 3165 324 3208 cum
337 3146 426 3223 igitur
438 3145 481 3202 eis
493 3140 710 3200 interdixissem
723 3159 762 3200 ue
776 3141 925 3202 matonam
939 3141 1126 3220 attingerent,
1140 3151 1172 3203 et
1188 3140 1354 3219 Pherippo

257 3236 492 3305 denunciarent,
505 3245 539 3294 ιι
548 3253 585 3294 ex
602 3234 774 3315 proscripto
787 3235 862 3315 legis
873 3235 912 3296 ad
926 3253 1011 3295 sacra
1027 3246 1134 3315 pnesto
1150 3245 1239 3342 esset,
1251 3235 1282 3294 ιι
1302 3253 1353 3294 ur·

256 3331 324 3390 bem
336 3327 419 3387 redii.

296 3425 328 3480 4.
350 3419 508 3478 Primum
499 3420 587 3498 igitur
609 3439 709 3480 eorum
733 3440 801 3499 quse
822 3419 885 3481 disi
903 3422 1072 3482 testimoma
1088 3421 1169 3482 robis
1189 3419 1351 3482 exhibebo:

257 3511 364 3578 deiude
376 3521 409 3572 et
422 3512 584 3572 dscaeteris
595 3512 720 3573 audietis
734 3533 851 3573 omnem
865 3513 1024 3573 veritatem.
1059 3513 1253 3593 Phranippurn
1263 3513 1352 3589 euin,

257 3605 392 3677 ludices,
407 3603 529 3682 aprimo
551 3603 601 3664 dis
619 3606 718 3665 statim
736 3604 808 3666 nihil
820 3605 891 3686 justi
904 3607 1050 3685 cogitasse
1063 3605 1220 3686 reperietis.
1262 3605 1353 3666 obri.

255 3699 346 3782 paeri
358 3697 515 3771 domicilio,
529 3699 674 3779 permissu
689 3698 783 3778 legis:
804 3700 861 3760 iste
874 3700 998 3780 aperuit.
1039 3701 1088 3759 Ac
1102 3699 1219 3778 signum
1229 3695 1352 3777 quirem

256 3795 412 3856 sustulisse
424 3792 584 3853 iatebeurr:
605 3793 681 3852 fores
702 3803 802 3852 autern
819 3814 853 3854 se
873 3793 1021 3872 aperuisse
1037 3791 1175 3872 urgebat,
1184 3791 1271 3870 φιιιι
1283 3807 1352 3851 rous

256 3887 345 3948 alium
368 3888 406 3948 ob
427 3903 555 3958 cruram,
576 3903 666 3964 quam
689 3886 726 3944 ad
753 3886 831 3946 fores
857 3885 1041 3965 aperiendus,
1062 3885 1148 3965 sigua
1174 3884 1351 3945 sustulerat.

258 3977 377 4046 Deinde
390 3978 468 4039 vetui
489 3995 527 4037 ne
543 3977 666 4037 ιιιιιιιιι
685 3977 872 4050 eveheretur:
892 3979 949 4039 iste
972 3978 1105 4058 quatrio
1123 3978 1231 4048 erexit,
1251 3993 1288 4038 oo
1302 3977 1351 4036 dis

258 4080 391 4149 excepto,
406 4089 463 4149 quo
477 4089 533 4149 ego
551 4070 640 4130 vetui.
682 4067 775 4130 Nullo
788 4091 846 4132 rere
861 4071 958 4131 alieno
977 4071 1087 4132 fundus
1100 4070 1257 4132 obstrictus
1268 4079 1351 4130 eru:

255 4179 338 4223 nuuc
349 4161 404 4221 iste
417 4161 539 4222 multum
553 4161 618 4222 aris
637 4161 724 4222 alieni
744 4163 864 4241 profert.
905 4165 941 4224 ln
954 4183 1079 4240 sums,
1092 4164 1164 4226 lacit
1171 4163 1256 4244 quod
1267 4163 1350 4238 libet,

257 4271 319 4313 nou
341 4251 421 4332 quod
440 4253 523 4332 leges
543 4255 656 4334 jubent.
708 4255 814 4316 Recita
836 4257 1010 4333 testimonis,
1029 4258 1153 4338 prinum
1179 4257 1218 4318 de
1237 4255 1351 4328 {odius

257 4343 536 4408 dsiudcetcntera.
