2967 5017
420 330 640 393 ADVERSUS
663 330 924 391 EUBULIDEM.
1148 330 1214 388 ,⁷51

128 481 267 559 ciperem,
277 482 454 563 persuadere
467 505 527 545 non
540 486 709 565 potuissem,
717 487 778 547 huo
788 506 835 546 me
847 483 1001 565 inscripsi?
1014 481 1093 545 Ubii
1103 482 1218 550 Quibus

128 573 297 648 rationibus,
306 576 414 655 quihus
427 578 494 637 illos
512 578 562 657 qui
584 578 713 657 germani
732 578 812 639 cives
840 597 899 637 nou
923 586 995 637 suut
1013 576 1059 636 uti
1080 574 1219 637 conant-l

130 664 292 745 Nusquam.
316 670 473 738 Quomodo
486 670 626 731 tandem?
646 670 681 728 ln
696 689 732 731 ao
746 671 913 751 municipio,
926 670 957 729 in
970 688 1030 749 quo
1041 688 1115 730 auus
1126 668 1218 749 patris

127 756 185 814 mei
199 768 293 835 pater,
305 760 334 820 in
350 781 408 840 quo
421 771 503 843 pater
516 782 599 823 meus
613 771 746 823 versatus
760 772 817 835 est,
827 762 926 840 inquo
938 780 985 820 me
996 769 1144 822 uersatum
1153 780 1220 822 esse

129 858 258 910 constat.

171 941 217 999 lo.
240 942 278 1002 Et
300 964 358 1022 quo
375 954 462 1026 paeto
476 967 555 1008 nunc
576 947 658 1007 vobis
680 946 843 1007 euidentius
857 946 1019 1026 ¹quisquam
1037 947 1153 1025 probet,
1168 952 1220 1023 jus

125 1029 185 1089 sihi
198 1051 263 1095 esse
272 1036 415 1098 civitatis?
431 1040 550 1119 Cogitet
563 1039 641 1099 enim
651 1040 851 1118 unusquisque
860 1049 1000 1112 vmtrum,
1009 1039 1219 1111 Athenienses,

124 1140 255 1198 quonam
277 1128 333 1188 elio
351 1129 450 1201 modo,
475 1150 566 1211 quam
588 1150 644 1209 ego
674 1131 741 1202 feci,
763 1142 905 1210 cognatos
929 1149 999 1191 suos
1019 1131 1221 1194 demonstrare

122 1227 237 1293 posset,
252 1240 318 1279 cum
331 1242 385 1301 pro
398 1224 563 1283 testimonio
577 1224 685 1294 dicant,
707 1242 774 1282 cum
788 1224 898 1302 jurent,
911 1242 981 1283 cum
996 1222 1064 1285 olim
1074 1223 1137 1302 jam
1149 1224 1218 1285 inde

124 1326 143 1365 a
156 1309 312 1386 primordio
324 1312 414 1373 iidem
429 1315 507 1374 sinti
529 1316 612 1383 Quas
628 1316 666 1375 ob
680 1334 727 1374 res
741 1334 797 1395 ego
810 1315 938 1375 bonitate
952 1335 1050 1375 causae
1064 1316 1167 1389 fretus,
1180 1316 1219 1375 ad
1304 1314 1310 1321 '

122 1418 176 1459 vos
190 1403 327 1483 coniugi3
348 1407 428 1482 quod
443 1407 567 1480 videam,
583 1407 789 1479 Athenienses,
800 1405 976 1482 judiciorum
994 1407 1133 1485 majorem
1154 1425 1218 1465 osse

122 1493 338 1567 auctoritatem,
359 1516 419 1557 non
443 1500 530 1559 modo
553 1519 640 1578 quam
662 1498 899 1571 Halimusiorum,
920 1498 970 1578 qui
992 1518 1040 1557 me
1057 1498 1217 1577 ejecerunt,

122 1584 178 1643 sed
191 1586 279 1645 etiam
292 1606 381 1663 quam
395 1600 527 1661 serimus,
540 1599 570 1649 et
583 1589 693 1668 populi.
734 1588 801 1648 Nec
819 1589 933 1667 injuria.
975 1587 1122 1666 Quicquid
1140 1588 1217 1648 euim

118 1686 282 1755 spectetur,
297 1680 449 1739 sententiae
463 1695 568 1739 vestrae
578 1681 749 1759 justissimus
763 1690 840 1739 sunt.
883 1680 1019 1758 Cogitate
1031 1679 1106 1739 illud
1119 1680 1217 1753 eham,

117 1786 187 1839 vos,
202 1768 252 1847 qui
264 1788 281 1829 e
295 1770 408 1849 maguis
421 1772 584 1850 municipiis
598 1772 679 1845 estis,
693 1770 776 1831 nulla
788 1790 820 1831 re
833 1772 948 1849 privare
962 1789 1149 1851 quemquam,
1162 1791 1219 1833 uec

119 1861 321 1934 accusatione,
342 1882 397 1922 nec
412 1863 592 1924 defensione.
633 1864 679 1923 Ac
696 1864 792 1923 multa
810 1863 890 1923 bona
901 1864 984 1923 vobis
1005 1864 1151 1936 eveniant,
1168 1864 1218 1943 qui

119 1970 160 2011 ea
172 1970 204 2009 re
217 1962 295 2011 recte
308 1954 354 2013 usi
368 1954 451 2026 estis,
465 1954 514 2033 qui
534 1954 567 2013 iis
582 1953 667 2013 etiam
686 1954 736 2032 qui
754 1971 863 2013 moram
883 1955 1037 2033 petierunt,
1050 1954 1172 2035 parandi
1185 1976 1218 2017 se

119 2042 293 2103 facultatem
314 2064 374 2104 non
394 2046 549 2107 ademistis.
591 2048 658 2114 Qua
681 2067 713 2107 re
737 2058 768 2107 et
787 2046 1021 2119 calumniatores,
1042 2058 1073 2109 et
1094 2052 1218 2130 eosqui

117 2145 241 2213 propter
263 2135 439 2197 simultatem
462 2138 525 2198 aliis
547 2136 730 2211 insidiantur,
744 2137 926 2199 convincitis.
966 2142 1013 2201 Ac
1030 2160 1084 2201 vos
1097 2142 1218 2221 quidem

121 2225 266 2285 laudandi
279 2226 360 2300 estis,
375 2229 580 2303 Athenienses,
595 2232 644 2310 qui
658 2242 757 2292 autem
773 2251 805 2291 re
825 2232 905 2293 hona
917 2242 948 2292 et
962 2238 1044 2309 justa
1057 2236 1135 2296 male
1148 2246 1218 2297 sunt

120 2320 218 2390 abusi,
240 2320 431 2400 vituperandi.
473 2323 509 2383 In
529 2324 610 2383 nullo
634 2334 731 2384 autem
756 2325 924 2405 municipio,
938 2346 1026 2405 quam
1050 2327 1082 2386 in
1104 2339 1216 2404 nostro,

118 2411 270 2471 crudelius
293 2432 358 2473 esse
383 2428 481 2475 actum
503 2415 659 2495 reperietis.
702 2419 737 2477 Iu
759 2438 795 2478 eo
810 2418 888 2478 enim
903 2419 1024 2479 fratrum
1038 2421 1217 2482 uteriuorum

120 2515 154 2565 et
168 2525 371 2583 germanorum
390 2508 462 2567 alios
482 2509 643 2588 ejecerunt,
668 2512 740 2569 alios
758 2530 834 2570 nont
855 2521 886 2571 et
899 2510 1031 2573 homines
1044 2523 1117 2574 natu
1129 2533 1217 2593 grau·

120 2597 175 2657 des
200 2599 311 2676 inopes,
331 2618 453 2676 quorum
475 2598 550 2659 filios
573 2602 761 2661 retinuerunt.
812 2602 928 2661 Harum
951 2604 1038 2663 etiam
1063 2624 1168 2679 rerum,
1189 2606 1216 2665 si

118 2688 220 2760 vultis,
234 2691 398 2749 testimonia
412 2692 493 2751 vobis
512 2692 665 2752 exhibebo.
707 2693 854 2770 Quodque
872 2696 1001 2754 omnium
1013 2695 1216 2772 gravissimum

120 2798 178 2856 est,
192 2783 309 2843 factiosi
322 2784 352 2843 id
367 2785 517 2852 laceratum
539 2804 634 2863 neque
648 2804 698 2865 per
711 2785 783 2845 deos
797 2804 848 2845 oro
861 2806 924 2858 vos,
938 2787 968 2845 in
980 2787 1088 2847 malam
1101 2799 1215 2866 partem

120 2878 279 2956 quisquam
290 2889 420 2938 vestrum
434 2880 566 2959 accipiat,
582 2878 607 2938 si
625 2898 675 2938 eos
693 2880 744 2957 qui
756 2898 803 2938 me
823 2879 970 2951 laeserunt,
990 2880 1137 2958 improbos
1150 2898 1216 2939 esse

120 2970 291 3029 ostendero.
334 2970 444 3030 Eorum
464 2972 540 3031 enim
563 2971 645 3030 vobis
666 2971 853 3054 improbitate
870 2970 1109 3042 demonstranda,
1121 2970 1216 3050 ipsam

120 3060 317 3122 calamitatem
333 3083 421 3142 quam
434 3064 534 3143 accepi
555 3073 723 3123 narraturus
742 3063 814 3122 mihi
831 3062 942 3123 videor.
984 3062 1048 3132 Isti,
1068 3082 1135 3123 cum
1152 3063 1216 3140 qoi-

121 3154 193 3213 dam
214 3154 344 3216 homiues
364 3158 516 3236 peregrini,
530 3156 609 3217 cives
628 3157 688 3215 heri
711 3155 831 3227 vellent,
852 3155 1052 3215 Anaximenes
1073 3165 1103 3215 et
1126 3156 1214 3214 Nico-

120 3258 240 3330 stratus,
255 3252 446 3311 communiter
466 3250 567 3330 quinas
591 3252 716 3331 quisque
738 3248 894 3310 drachmas
913 3249 988 3309 iuter
1010 3249 1216 3311 sedistribue·

120 3354 201 3403 runt.
243 3343 310 3404 Hoc
332 3364 400 3404 cum
422 3346 496 3405 scire
516 3365 549 3405 se
573 3364 665 3423 neque
689 3342 859 3416 Eubulides,
880 3362 977 3421 neque
1000 3344 1133 3423 gregales
1151 3345 1215 3424 ejus

121 3435 235 3513 ejurare
248 3437 386 3517 audeant,
405 3457 483 3497 nunc
497 3448 595 3497 tamen
614 3456 665 3498 eos
679 3455 738 3495 nou
758 3441 916 3511 ejecerunt.
958 3435 1037 3503 Quid
1052 3446 1149 3495 autem
1163 3457 1215 3498 eos

121 3526 254 3605 privatim
268 3550 325 3589 nou
339 3530 468 3589 facturos
487 3530 606 3608 putatis,
621 3530 672 3608 qui
684 3528 802 3608 publice
815 3527 880 3586 hoec
901 3527 998 3586 lacero
1016 3546 1077 3586 non
1098 3528 1215 3587 dubita·

122 3621 212 3679 ronti
238 3622 362 3695 Multos,
377 3621 580 3693 Athenienses,
594 3620 758 3682 Eubulidea
769 3619 859 3679 factio
872 3628 903 3679 et
915 3618 1042 3697 perdidit
1054 3628 1085 3677 et
1098 3638 1215 3678 conser-

121 3712 209 3784 vavit,
224 3714 338 3792 argenti
351 3714 453 3793 gratia.
481 3713 558 3771 Nem
572 3715 650 3793 prius
665 3711 834 3773 etiam-ad
846 3730 909 3771 rem
922 3708 1095 3788 facietquod
1110 3709 1214 3780 dicam,
1328 3724 1335 3733 '

121 3804 424 3867 Athenienses-cum
443 3805 576 3866 tribunus
596 3806 690 3884 plebis
711 3816 792 3865 esset
815 3801 970 3861 Eubulidea
984 3810 1078 3880 pater,
1095 3810 1130 3859 nt
1143 3799 1214 3872 dixi,

122 3898 299 3977 Antiphilus,
314 3910 510 3960 commentum
524 3899 683 3977 excogitat,
699 3908 732 3956 ut
744 3918 763 3957 a
782 3894 957 3975 quibusdam
970 3912 1104 3952 nummos
1117 3893 1214 3953 aufer-

122 4002 176 4063 ret,
190 4001 222 4049 et
241 3990 291 4063 ait,
304 4012 336 4050 se
352 4010 506 4051 commune
527 3991 624 4051 album
640 3989 812 4070 perdidisse.
854 3989 953 4056 Quare
970 3984 1118 4066 persuasit
1130 3985 1214 4047 Hali·

122 4081 224 4145 musiis
238 4092 270 4141 ut
281 4086 357 4142 inter
377 4102 442 4143 sese
463 4082 601 4162 suffragia
621 4083 741 4142 ferrent.
782 4081 822 4141 Et
834 4089 989 4142 accusatos
1003 4079 1105 4139 decem
1118 4082 1214 4140 muni-

122 4174 200 4252 cipes
215 4175 310 4254 ejecit,
330 4194 404 4254 quos
417 4195 519 4235 omnes
533 4186 637 4255 preter
651 4195 742 4235 unum
750 4173 869 4256 judices
884 4181 1067 4252 receperunt.
1093 4171 1145 4249 [Et
1157 4172 1215 4236 hoc

123 4266 251 4325 seniores
273 4286 375 4349 omnes
397 4278 513 4327 norunt.
566 4269 694 4328 Multum
715 4276 794 4327 certe
815 4265 918 4340 abfuit,
941 4274 974 4326 ut
991 4264 1103 4344 aliquos
1127 4266 1215 4327 relin-

17 4348 18 4351 '
122 4364 256 4436 querant,
273 4361 323 4437 qui
336 4360 531 4420 Athenienses
552 4381 610 4420 non
636 4370 746 4429 esseut,
762 4378 830 4418 cum
849 4376 1004 4436 germanos
1027 4356 1115 4417 etiam
1135 4357 1214 4419 cives

123 4451 344 4529 perfectionem
357 4452 509 4531 ejicerent,
524 4472 598 4531 quos
607 4452 752 4531 judicium
766 4450 885 4531 recepit.
914 4450 1048 4529 Cumque
1060 4446 1139 4531 patri
1148 4468 1215 4512 meo
