2967 5017
283 315 323 373 32
605 311 779 377 contat
800 311 1068 376 Tlnancrwtt.
1193 333 1197 341 ·

284 467 459 538 intimatam,
472 485 525 527 vos
537 467 565 527 si
577 467 646 528 talis
659 470 833 547 probaretis,
848 469 970 530 similem
986 469 1046 530 lore
1059 467 1097 530 de
1110 467 1228 531 civitate
1240 475 1336 544 atque
1352 466 1409 554 de·

287 559 410 620 dicentis
421 561 606 622 immodestia
619 563 796 640 opinionem.

327 655 376 711 34.
398 653 433 712 ln
444 653 611 712 universum
624 654 763 732 deniqne,
777 653 982 724 Athenienses,
997 673 1057 714 are
1070 653 1181 737 alienas
1195 651 1398 712 defensiones

275 744 478 824 cepaticum,
492 747 616 824 primum
630 747 670 805 ob
673 745 879 825 jusjurandum
894 747 975 823 quod
986 745 1119 815 dedistis,
1132 745 1237 804 deinde
1247 764 1287 804 ne
1298 744 1396 804 falla-

285 835 357 894 mini
370 837 407 895 ah
427 837 545 896 homine
558 833 669 898 artifice
682 837 811 900 dicendi.
834 837 893 897 Sed
908 838 997 916 paulo
1014 837 1101 896 altius
1122 836 1258 914 incipiam
1274 835 1396 898 dooere

285 947 346 987 ros.
380 928 609 1003 Demosthenes,
635 949 702 990 cum
725 929 932 1008 patrimonium
959 928 1181 1008 absumpsisset,
1209 948 1261 1007 per
1287 939 1394 988 totam

282 1021 385 1080 urbem
398 1022 578 1094 circumibat,
592 1031 627 1081 ut
637 1023 763 1101 pupillos
777 1023 980 1082 adolescentes
995 1023 1098 1082 divites
1113 1031 1285 1080 venaretur:
1306 1040 1394 1098 quo-

284 1132 349 1172 rum
358 1115 490 1191 patribus
498 1114 656 1186 defunctis,
665 1125 774 1173 matres
785 1114 922 1174 familiam
931 1115 1146 1190 gubernabant.
1169 1111 1272 1172 Multis
1282 1122 1392 1172 autem

283 1205 448 1283 praeteritis,
472 1203 558 1262 unius
579 1206 756 1263 mentionem
777 1205 893 1276 inciam,
915 1223 980 1262 cum
1007 1223 1065 1282 quo
1085 1204 1182 1281 inique
1206 1213 1304 1263 actum
1328 1215 1390 1262 est.

262 1294 266 1300 ’
285 1295 361 1354 Corn
375 1295 453 1353 enim
471 1294 649 1373 locupletem
665 1295 785 1353 domum
800 1293 1013 1372 conspexisset,
1028 1313 1094 1371 quoe
1108 1312 1167 1352 nou
1181 1303 1260 1354 recte
1274 1293 1390 1370 guber·

282 1387 417 1458 pabatrrr,
431 1397 465 1444 ut
474 1387 558 1465 cujus
567 1386 630 1444 dux
639 1397 720 1444 esset
730 1385 843 1454 mulier,
856 1386 980 1463 superba
992 1385 1044 1444 illa
1053 1383 1182 1462 quidem,
1193 1385 1246 1443 sed
1260 1382 1388 1447 minime

284 1477 415 1548 cordata,
430 1477 602 1538 adolescens
624 1487 720 1536 autem
742 1475 873 1554 pupillus
891 1495 1026 1556 vesanus,
1044 1496 1132 1556 opum
1155 1476 1387 1548 administrator,

285 1569 475 1630 Aristarchus
488 1567 607 1628 Moschi
619 1562 665 1640 F,
678 1567 765 1646 hujus
777 1587 809 1628 se
820 1578 978 1628 amatorem
993 1587 1059 1628 esse
1072 1567 1237 1628 simulavit:
1252 1565 1291 1627 ad
1301 1588 1386 1629 eam-

283 1681 341 1741 que
355 1661 511 1722 amicitiem
521 1661 740 1720 adolescentem
753 1661 894 1733 inritavit,
905 1669 935 1720 et
947 1679 1023 1720 rana
1033 1680 1085 1739 spe
1095 1659 1216 1732 inflavit,
1229 1659 1387 1739 pollicens,

283 1773 361 1824 enm,
376 1754 455 1832 quod
469 1738 509 1814 ad
522 1753 717 1832 eloquentiam
735 1754 881 1822 attineret,
896 1752 975 1812 brevi
990 1763 1139 1816 oratorum
1157 1752 1316 1831 principem
1339 1753 1388 1814 fu-

283 1855 390 1906 turum.
421 1846 534 1907 Talium
554 1855 654 1906 autem
671 1846 699 1906 ei
712 1865 832 1925 operum
851 1854 952 1906 auctor
966 1854 997 1904 et
1009 1844 1147 1922 magister
1159 1844 1262 1904 factus
1270 1854 1326 1914 est,
1348 1847 1386 1904 ob

243 1983 250 1994 .
284 1959 350 2018 qua·
365 1949 396 1998 et
408 1938 457 1998 ille
479 1939 575 2018 patria
593 1938 719 2009 exsulat,
733 1949 764 1998 et
777 1939 832 1998 iste
846 1939 937 1998 tribus
950 1958 1016 1997 eom
1030 1937 1147 1997 talentis
1163 1935 1257 1997 exsilii
1276 1936 1384 1996 viatico

141 2014 147 2030 ⁸
194 2107 201 2118 ·
235 2091 239 2100 ,
284 2031 434 2110 spoliarit:
455 2040 488 2089 et
508 2030 689 2089 Nicodemus
706 2030 889 2108 Aphidnoeus
903 2029 1033 2092 violenta
1045 2041 1136 2088 morte
1157 2030 1194 2090 ab
1212 2027 1384 2090 Aristarcho

284 2123 423 2183 occubuit
436 2122 523 2181 miser
541 2123 667 2192 exsectis
684 2117 779 2182 etiam'
793 2123 884 2182 oculis
905 2122 1059 2192 ambobus,
1077 2134 1109 2182 et
1128 2121 1232 2202 lingua
1247 2123 1383 2200 praecisa,

282 2235 342 2295 qua
363 2215 452 2274 libere
470 2215 588 2292 locutus
611 2215 717 2284 iuerat,
732 2215 847 2294 legibus
868 2216 959 2274 fretus
976 2225 1007 2274 et
1019 2215 1111 2276 robis.
1146 2213 1186 2272 Et
1198 2233 1263 2284 ros,
1285 2215 1383 2274 Atho·

281 2306 411 2378 aienses,
432 2305 581 2365 Socratem
596 2307 758 2384 sapientem
774 2307 854 2366 illum
874 2307 1035 2378 occidistis,
1053 2305 1133 2384 quod
1155 2305 1276 2366 Critiam
1298 2307 1383 2367 iusti-

281 2400 397 2465 tuisset,
410 2416 502 2456 unum
525 2416 613 2455 xxx.
628 2397 765 2467 virorum,
780 2399 830 2474 qui
854 2398 1004 2476 populum·
1016 2409 1224 2478 oppresserunt
1241 2418 1249 2458 τ
1267 2399 1381 2462 Demo·

282 2488 394 2547 stheois
415 2497 512 2545 eutem
526 2487 672 2566 precibus,
690 2488 741 2565 qui
755 2489 792 2548 sb
812 2489 976 2550 hominibus
996 2489 1122 2550 indoctis
1142 2499 1173 2550 et
1190 2489 1383 2568 popularibus

280 2589 400 2659 proptor
412 2579 608 2656 equalitatem
620 2579 692 2655 juris
711 2590 809 2640 tantas
822 2601 923 2660 pmnas
942 2583 1039 2649 sumit,
1060 2581 1267 2642 condonabitis
1284 2581 1383 2642 aliosi
1400 2641 1404 2648 ,

281 2671 329 2730 Ad
347 2691 435 2750 quem
455 2669 644 2741 audiendum,
666 2683 771 2750 rogatu
792 2673 865 2752 ejus,
883 2673 1001 2750 quidam
1023 2673 1227 2732 adolescentes
1248 2675 1381 2737 veniunt.

281 2763 442 2824 Polliceurr
455 2763 530 2822 enim
552 2762 605 2832 eis,
622 2773 737 2841 questu
755 2765 785 2822 in
809 2775 935 2825 vestram
951 2765 1081 2838 fraudem
1102 2765 1248 2836 instituto,
1270 2775 1305 2824 ut
1323 2785 1381 2844 ego

281 2856 381 2927 audio,
393 2874 426 2914 se
438 2854 562 2914 occultis
575 2853 705 2912 artificiis
719 2867 899 2914 mutaturum
916 2868 945 2914 et
959 2875 1078 2920 causam
1092 2866 1123 2916 et
1137 2857 1380 2922 auscultationem

230 3009 233 3014 ,
280 2957 418 3018 vestram,
432 2958 520 3024 atque
534 2928 721 3014 effecturum,
728 2945 777 3002 ubi
791 2945 853 3022 ipse
864 2945 1013 3021 prodierit,
1026 2957 1060 3006 ut
1070 2957 1100 3005 et
1113 2968 1178 3009 reus
1189 2949 1268 3008 bono
1283 2949 1380 3009 animo

281 3041 329 3111 sit,
343 3050 374 3099 et
387 3049 541 3098 accusator
553 3035 748 3116 percellatur,
773 3045 804 3094 st
817 3036 855 3094 de
876 3037 985 3114 seipso
1006 3038 1044 3095 sit
1064 3040 1093 3098 io
1112 3048 1208 3098 metu:
1229 3051 1260 3098 et
1281 3051 1324 3103 tot
1344 3059 1380 3104 ac

160 3143 165 3152 ·
280 3141 378 3190 tantos
399 3129 543 3189 tumultus
570 3149 589 3187 a
604 3127 754 3205 judicibus
776 3138 974 3200 evocaturum,
995 3131 1066 3192 meis
1088 3131 1279 3192 concionibus
1300 3135 1380 3194 iose-

280 3222 391 3290 reodis,
404 3231 437 3279 et
447 3239 521 3297 pace
533 3235 587 3297 per
601 3237 647 3276 me
662 3229 692 3276 et
711 3217 909 3278 Philocratem
928 3221 1006 3282 iacto
1023 3221 1274 3301 reprehendenda,
1295 3235 1328 3284 ut
1340 3246 1379 3286 nc

280 3312 311 3370 io
321 3311 466 3389 judicium
485 3308 604 3387 quidem
624 3320 766 3372 venturos
780 3309 835 3370 sim
857 3312 895 3371 ad
909 3311 966 3374 mei
981 3313 1190 3386 defensionem,
1202 3331 1271 3378 cum
1290 3304 1378 3378 obita

280 3401 438 3481 legationis
450 3400 577 3460 radooes
592 3401 834 3484 reddendeelmihi
848 3416 951 3466 erunt:
972 3406 1025 3464 sed
1040 3406 1216 3470 mediocrem
1237 3407 1378 3470 mulctam

280 3496 499 3576 aequibonique
518 3494 663 3565 facturus,
676 3497 765 3558 modo
781 3518 819 3557 oe
839 3499 941 3578 capitis
962 3499 1148 3562 condemner.
1179 3499 1269 3560 Nullo
1288 3501 1378 3580 igitur

280 3601 377 3670 peto,
389 3589 515 3667 jndices,
529 3599 633 3649 contra
644 3608 698 3648 vos
711 3589 792 3668 ipsos
806 3591 853 3650 isti
867 3591 973 3652 rhetori
983 3591 1072 3652 risum
1087 3603 1118 3654 et
1129 3592 1231 3654 ludum
1242 3595 1378 3671 praebue-

279 3684 359 3742 ritis:
381 3682 434 3742 sed
447 3693 550 3760 potate
564 3681 662 3742 videre
674 3701 727 3742 ros
741 3703 758 3742 c
772 3684 835 3744 loro
851 3683 969 3744 domum
984 3703 1140 3757 reversuro,
1155 3695 1186 3746 et
1200 3686 1377 3763 gloriantem

278 3776 310 3837 io
330 3773 615 3834 adolesoenorlorum
635 3787 724 3848 coetu,
750 3787 781 3836 et
800 3787 1087 3847 commemorantem,
1109 3797 1197 3855 quam
1223 3780 1378 3840 commode

275 3868 423 3948 judicibus
436 3887 554 3927 caumas
570 3869 732 3930 extorserit
768 3869 844 3930 Nam
864 3870 1022 3930 abduxisse
1035 3889 1086 3930 eos
1107 3889 1125 3930 a
1141 3871 1310 3932 criminibus
1329 3873 1377 3932 Ti-

279 3961 399 4022 marcho
411 3961 544 4040 objectis,
557 3971 590 4020 et
599 3981 707 4041 magna
720 3962 750 4048 vi
762 3962 800 4021 ad
814 3972 1013 4050 accusatorem
1025 3973 1055 4022 et
1068 3961 1237 4042 Philippum
1256 3975 1287 4024 et
1297 3964 1376 4024 Pho·

279 4071 383 4112 censes
398 4053 579 4121 traduxisse;
600 4063 631 4112 et
643 4073 711 4113 eum
735 4065 844 4114 metum
859 4056 1039 4116 auditoribus
1057 4055 1203 4135 injecisse,
1218 4065 1251 4114 nt
1264 4067 1295 4116 et
1308 4077 1376 4118 reus

279 4157 442 4218 accusaret,
451 4156 482 4206 et
494 4156 779 4206 accusator‘causam
794 4147 922 4208 diceret:
945 4147 1111 4228 etjudicos‚
1125 4149 1208 4228 cujus
1222 4149 1264 4210 rai
1276 4160 1377 4210 essem

269 4238 400 4317 judices.
415 4239 497 4298 obliti
509 4249 623 4310 essent,
635 4256 671 4297 aa
684 4258 754 4299 vcro
768 4239 911 4310 audirent,
927 4261 1049 4319 quorum
1059 4240 1175 4320 judices
1194 4260 1253 4302 noo
1267 4251 1376 4302 essent.
1461 4301 1462 4306 ,

279 4329 417 4394 Vestmm
432 4342 531 4390 autem
542 4330 671 4391 officium
681 4341 738 4401 est,
752 4330 855 4390 utistis
865 4349 916 4408 ros
923 4331 1033 4392 artibus
1042 4331 1209 4412 opponatis,
1223 4339 1258 4392 ut
1267 4333 1373 4412 ubique
