2967 5017
448 306 665 371 ADVERSUS
688 306 931 369 cometem.
1179 304 1235 365 '1³1

190 469 220 526 8.
238 465 315 525 Cum
329 472 426 525 autem
443 476 526 544 peter
544 482 599 523 nee
617 462 654 521 ab
670 461 763 533 initio,
775 480 844 522 enm
856 461 979 520 lundam
992 431 1127 529 mnhiret,
1139 456 1182 517 eis
1194 456 1240 517 io·

144 556 251 639 jurium
266 556 378 629 fecerit,
391 576 445 617 nec
457 557 503 617 isti
516 575 644 635 unquam
657 554 754 633 questi
766 556 835 623 sint,
843 562 926 613 tanto
939 562 1068 631 tempore
1078 549 1239 629 interjecto,

148 661 181 710 et
193 649 363 723 elii,.multie
380 660 412 711 et
432 651 545 730 magnis
566 646 662 711 allecti
684 647 810 716 demnis,
829 646 920 706 nihilo
938 644 1005 725 plns
1024 663 1070 703 me
1091 650 1239 723 accusent,

149 758 261 821 rosque
274 761 376 802 omnes
388 762 494 823 aquam
508 762 545 803 ex
561 743 674 803 cedibus
689 751 719 802 et
731 740 829 799 lundis
846 740 874 799 iu
893 740 955 798 rias
968 740 1093 799 educere
1110 734 1240 808 soleatis,

144 836 264 907 ,nonita
279 854 325 895 me
339 845 417 895 amet
432 835 545 916 Jupiter
559 855 621 895 eem
636 834 746 914 quaein
761 835 809 893 via
824 842 870 892 est
887 833 962 890 intro
976 830 1140 900 admittere,
1153 847 1240 908 quor·

149 945 213 987 sum
234 928 317 1007 plura
331 928 456 989 dicenda
477 928 563 989 eunti
586 928 689 1007 Neque
709 926 785 986 enim
807 946 846 985 ex
866 925 911 983 his
926 926 1082 984 obscurum
1102 933 1156 993 est,
1169 920 1241 981 mibi

148 1020 299 1080 manifeste
313 1021 485 1081 calumniam
497 1020 569 1089 fleri,
583 1039 672 1098 quum
688 1038 782 1096 neque
796 1017 929 1098 injuriam
944 1014 1002 1075 illis
1016 1014 1133 1093 faciam,
1146 1033 1240 1093 neque

149 1111 270 1171 cumeis
284 1124 342 1172 tam
355 1113 430 1173 male
445 1125 544 1173 ectum
556 1113 594 1172 sit
604 1124 637 1170 ut
651 1112 764 1171 dicunt.

191 1207 220 1263 9.
238 1204 279 1264 Ut
298 1215 395 1263 eutem
411 1206 519 1275 sciatis,
538 1224 589 1263 eos
603 1218 633 1261 et
646 1204 769 1263 eluviem
788 1203 816 1261 in
838 1203 913 1261 riam
928 1200 1101 1281 projecisset
1118 1208 1159 1271 et,
1172 1218 1241 1279 seps

119 1301 123 1309 '
148 1294 388 1367 circumductam,
409 1296 483 1355 riam
508 1296 703 1374 angustiorem
723 1295 871 1362 effecisse3
893 1304 924 1354 et
947 1314 993 1353 me
1015 1294 1136 1353 istorum
1156 1292 1242 1352 matri

143 1386 348 1466 jusjurandum
364 1388 512 1458 detulisse,
533 1396 564 1445 et
584 1406 601 1445 e
622 1406 689 1447 moa
708 1386 874 1466 postulasse
893 1397 927 1445 ut
945 1386 1023 1446 idem
1037 1383 1241 1465 jusjurandum

148 1477 241 1551 daret,
251 1498 329 1560 cape
339 1479 409 1539 mihi
421 1479 487 1538 heec
501 1479 667 1553 testimonia
679 1490 708 1539 et
723 1476 968 1558 provocationem.

398 1704 668 1767 TESTIMONIA.
711 1706 994 1767 PROVOCATIO.

149 1847 231 1915 Quid
253 1848 316 1909 istis
334 1848 499 1909 hominibus
518 1849 578 1909 fieri
599 1849 693 1929 possit
705 1846 925 1927 impudentiori
945 1867 1011 1929 quer
1023 1845 1168 1909 calumnia
1181 1866 1242 1909 ma·

144 1940 296 2002 milestiori
335 1942 395 2021 qui,
416 1962 504 2022 quum
533 1944 588 2021 ipsi
610 1962 709 2022 sepem
735 1940 929 2021 produxerint
955 1952 985 2001 et
1011 1942 1088 2001 riam
1114 1960 1243 2021 exagge-

149 2034 251 2103 rarint,
268 2034 339 2093 alios
360 2034 420 2095 dati
439 2035 538 2095 damni
552 2045 753 2107 accusant-et
773 2033 853 2095 mille
873 2034 1026 2095 drachmas
1046 2034 1109 2096 dari
1132 2035 1187 2095 sibi
1206 2054 1244 2097 ex

150 2125 265 2205 legibus
286 2128 405 2187 omnino
425 2127 582 2206 postulant,
602 2148 725 2207 quorum
747 2129 879 2189 universa
894 2133 1010 2203 jactura
1028 2147 1086 2187 non
1099 2138 1145 2188 est
1158 2128 1242 2208 quin·

149 2218 292 2298 quaginta
306 2218 530 2280 drachmarum?
564 2221 654 2298 Atqui
673 2221 867 2290 considerate,
882 2220 1013 2291 ludices,
1027 2240 1114 2299 quarn
1134 2220 1242 2281 multo-

151 2328 214 2371 rum
235 2312 312 2390 agris
337 2312 373 2371 ob
393 2310 471 2391 aque
496 2312 637 2373 damnum
661 2313 764 2373 datum
782 2314 829 2384 sit,
852 2314 956 2391 partim
978 2312 1115 2373 Eleusine
1138 2314 1242 2392 partim

152 2400 215 2463 aliis
230 2404 259 2463 in
274 2403 361 2463 locis:
386 2423 481 2482 neque
500 2416 608 2477 tamen,
627 2425 645 2465 o
665 2404 704 2463 dii
723 2406 910 2476 immortales,
922 2424 1022 2466 eorum
1045 2404 1169 2486 quisque
1190 2405 1243 2465 de·

152 2512 252 2559 renum
266 2516 284 2557 a
296 2496 398 2557 vicinis
412 2498 529 2575 pensari
552 2498 605 2557 sibi
626 2496 767 2578 postulat.
805 2499 851 2557 Ac
872 2500 938 2577 ego‘
951 2499 1079 2577 quidem,
1094 2518 1181 2578 quern
1199 2498 1243 2558 in·

152 2586 267 2661 dignari
285 2588 450 2665 oportebat,
460 2600 579 2667 propter
592 2588 666 2649 viam
680 2600 711 2648 ct
723 2588 923 2667 angustiorem
936 2602 968 2649 et
980 2592 1110 2651 altiorem
1124 2592 1243 2661 sectam,

152 2678 290 2757 quiesco:
309 2679 372 2739 istis
383 2690 487 2739 ,autem
502 2700 537 2739 ee
550 2680 665 2741 licentia
679 2682 775 2753 datur,
789 2683 813 2741 si
831 2683 873 2741 ita
886 2682 931 2753 lit,
949 2695 983 2743 ut
999 2684 1121 2743 affectos
1132 2683 1243 2763 injuriis

152 2771 238 2849 etiam
254 2771 476 2850 calumnientur.
504 2772 604 2849 Atqui,
617 2772 766 2842 Callicles,
780 2774 803 2831 si
814 2774 896 2832 vobis
906 2772 1018 2832 munire
1032 2775 1102 2834 licet
1114 2788 1244 2835 restrum

152 2862 288 2933 tondum,
302 2863 384 2941 uobis¹
399 2863 498 2941 utique
511 2873 643 2941 nostrum
656 2883 772 2943 quoque
786 2864 886 2924 licuit:
908 2866 953 2937 sin
975 2877 1058 2943 pater
1075 2885 1159 2925 meus
1179 2886 1244 2926 mu·

152 2954 262 3015 rtiendo
276 2954 357 3014 uobis
372 2955 502 3032 iujuriam
526 2954 604 3025 lecit,
618 2967 648 3025 et
668 2976 720 3014 vos
744 2976 822 3015 nunc
839 2956 909 3014 mihi
930 2957 1025 3017 facitis
1047 2958 1180 3037 injuriam
1200 2960 1244 3019 sic

153 3046 322 3106 muniendo.
364 3046 439 3105 Cum
464 3046 540 3104 enirn
563 3058 659 3105 vester
684 3045 794 3106 fundus
815 3047 930 3125 maguis
952 3047 1029 3107 saxis
1052 3048 1181 3108 munitus
1195 3050 1244 3121 sit,

151 3140 223 3201 satis
247 3150 375 3217 apparet.
390 3158 497 3218 aquam
517 3158 617 3198 rursus
638 3138 666 3197 in
691 3158 787 3198 meum
802 3132 923 3199 fundum
938 3150 1107 3199 venturam:
1127 3141 1245 3219 post,si

150 3232 193 3291 ite
206 3232 354 3302 ceciderit,
368 3231 517 3311 inopinato
531 3251 644 3289 ntorum
661 3242 878 3307 prostraturum.
919 3233 978 3292 Sed
992 3252 1049 3312 ego
1062 3244 1180 3314 propter
1187 3235 1245 3295 hoc

151 3344 202 3387 eos
225 3323 315 3383 nihilo
338 3324 431 3402 magis
453 3344 572 3393 accuso,
595 3323 648 3384 sed
668 3324 814 3382 fortunam
837 3325 905 3383 boni
926 3325 1058 3397 consulo,
1075 3336 1105 3385 et
1123 3337 1157 3386 ut
1178 3346 1246 3387 mea

151 3429 235 3478 tuear
249 3436 366 3496 operam
382 3417 468 3475 dabo.
511 3415 588 3475 Nam
601 3426 630 3475 et
651 3415 749 3484 istum,
763 3414 813 3493 qui
834 3434 888 3475 sua
906 3419 1009 3496 sepiat,
1024 3438 1143 3497 sapere3
1164 3419 1245 3497 quod

152 3522 251 3570 autem
277 3509 344 3567 mihi
367 3508 445 3569 litem
461 3519 568 3580 movet,
581 3520 611 3567 et
632 3507 877 3586 improbissimum
893 3523 929 3569 et
945 3511 1050 3569 mentis
1064 3529 1160 3571 errore
1174 3510 1246 3571 affe·

152 3615 233 3665 ctum
250 3623 326 3673 esse,
339 3602 481 3662 existimo.
865 3592 872 3617 ¹

197 3698 245 3755 10.
267 3696 313 3756 Ne
336 3716 403 3755 vero
423 3694 730 3772 miremini,=.ludices,
751 3697 836 3755 istius
860 3696 1082 3773 improbitatem,
1095 3715 1192 3775 neque
1213 3697 1245 3757 in

152 3788 342 3867 impingendo
366 3788 440 3847 falso
459 3788 577 3847 crimine
592 3788 756 3847 audaciam.
799 3788 875 3847 Nam
889 3788 969 3867 prius
982 3786 1081 3860 etiam,
1094 3809 1160 3849 eum
1174 3808 1246 3849 con·

152 3881 272 3942 sobrino
286 3902 340 3941 suo
353 3880 546 3959 persuasisset
560 3891 592 3941 ut
606 3880 673 3939 mihi
693 3881 772 3940 litem
787 3892 916 3939 moveret
928 3882 966 3939 de
979 3880 1082 3949 londo,
1097 3881 1246 3960 pactiones
1311 3925 1320 3941 ,

145 3974 368 4057 'commentitias
381 3974 513 4051 protulit,
528 3983 559 4031 et
573 3992 651 4031 nuno
666 3972 729 4051 ipse
749 3992 796 4032 me
817 3972 875 4031 alio
883 3972 996 4053 jndicio
1009 3974 1160 4033 absentem
1174 3993 1246 4033 con·

153 4066 303 4127 demnarit
326 4066 424 4126 arbitri
451 4066 604 4133 sententia,
620 4064 728 4125 Callari
750 4065 940 4143 nomine'qui
959 4085 1033 4124 unos
1053 4076 1101 4126 est
1119 4086 1136 4125 e
1157 4065 1249 4127 servis

154 4154 237 4219 meis.
280 4158 356 4218 Nam
371 4170 476 4238 praeter
495 4158 552 4217 alia
571 4157 684 4217 scelera
701 4159 789 4217 etiam
809 4158 866 4217 hoo
884 4165 1081 4218 commentum
1100 4159 1249 4239 excogita·

153 4262 242 4310 runt:
265 4249 416 4309 Callarum
430 4248 558 4328 ejusdem
569 4249 696 4309 criminis
711 4268 791 4308 reum
805 4262 907 4327 agunt.
948 4248 1022 4315 Quis
1036 4260 1132 4329 autem
1146 4269 1250 4311 servus

153 4341 268 4424 injussu
280 4342 389 4401 domini
403 4360 504 4421 agrum
520 4354 604 4421 septo
617 4341 820 4403 circundaret?
846 4342 921 4401 Cum
932 4353 1029 4403 autem
1042 4342 1121 4422 quod
1131 4343 1250 4404 Callaro

155 4434 296 4515 objiciant
314 4432 385 4495 nibil
406 4433 484 4495 aliud
503 4434 640 4509 habeant,
654 4448 772 4516 propter
794 4436 824 4495 id
846 4445 973 4517 septum,
990 4456 1050 4515 quo
1071 4438 1150 4498 laeto
1166 4449 1250 4517 pater
