2967 5017
273 287 335 352 Μ
579 287 800 354 novamus
820 291 1057 355 Pourcmtr.

273 451 304 504 et
319 459 422 504 eorum
434 443 485 524 qui
497 453 560 506 arm
571 445 716 526 stipendia
727 447 1141 528 exegnuntespnteesom
1154 443 1259 506 elassis
1270 463 1280 505 a
1293 463 1366 526 esg-

272 538 401 597 noreetis
420 539 498 598 euius
518 555 567 599 me
587 539 901 621 stipendiaremigrlros
914 551 946 600 et
957 539 1097 600 militibus
1115 537 1239 619 singulm
1259 539 1369 600 md·

271 630 328 688 bus
349 629 508 703 dedisses
528 631 652 694 ducibus
666 643 832 695 commeatu
851 635 996 694 duntaxat
1011 640 1144 712 accepto,
1156 640 1280 711 excepto
1291 631 1368 692 dno-

271 739 336 782 rum
349 724 493 785 mensium
507 723 662 806 stipendio,
675 737 740 788 toto
753 746 832 788 auno
845 739 877 788 et
889 727 1017 808 quinque
1027 725 1179 786 mensibus
1190 745 1200 792 ι
1218 733 1250 784 st
1261 734 1368 786 nauus
1384 715 1388 722 ’

272 832 351 876 ame
363 819 539 890 conductos,
554 830 585 880 et
606 830 748 899 quantum
766 821 899 901 peennire
918 818 1026 899 singuli
1042 818 1220 897 acceperint,
1233 817 1317 880 unda
1336 829 1369 880 et

271 912 524 983 uenerandum,
540 922 571 973 et
589 915 778 994 quamobrem
798 915 853 974 iste
873 933 892 974 a
914 931 962 972 rue
980 931 1083 974 narem
1096 911 1180 972 linito
1192 909 1371 972 tneramlrise

270 1019 345 1063 mere
358 1013 488 1086 tempore
501 1006 632 1086 accipere
646 1005 783 1080 uoluerit,
795 1004 990 1087 perspicietis.

565 1331 569 1340 Ι
686 1247 952 1308 TESTIMONIA.

309 1387 339 1444 4.
361 1383 412 1445 Me
433 1385 520 1465 igitur
532 1385 603 1446 nihil
616 1387 683 1448 falsi
697 1387 805 1448 dixisse
825 1387 905 1468 apud
918 1405 980 1459 ros,
998 1385 1128 1459 ludices,
1143 1405 1160 1445 e
1176 1385 1305 1446 recitatis
1323 1396 1370 1447 ts·

269 1475 410 1538 stimouiis
422 1477 561 1539 audistis:
586 1480 980 1560 eaporroqueadicanrrera
987 1497 1061 1550 esse,
1072 1497 1175 1538 omnes
1183 1477 1368 1539 mihiassen·

267 1568 387 1630 demini.
403 1567 542 1630 Trinemis
556 1571 785 1632 destructionem
799 1591 866 1631 esse
878 1579 993 1630 constat
1007 1571 1142 1649 primum,
1152 1570 1249 1648 siquis
1257 1571 1369 1650 stipen-
1421 1637 1424 1642 ,

268 1661 349 1721 dium
363 1681 422 1722 non
438 1661 546 1722 solvat:
569 1664 686 1737 deiude,
700 1664 725 1726 si
736 1663 803 1743 quis
816 1663 929 1724 interea
940 1663 971 1721 in
982 1661 1126 1725 Piroeeum
1136 1661 1264 1722 redierit.
1289 1664 1369 1724 Nam

268 1764 299 1814 et
311 1757 439 1815 maxima
452 1755 485 1816 lit
498 1755 635 1830 deseru‘o,
649 1766 680 1816 et
694 1766 792 1818 nautas
809 1756 859 1834 qui
876 1767 1028 1816 remanent
1044 1755 1150 1816 nolunt
1166 1773 1283 1815 rursum
1296 1774 1368 1816 oon·

268 1847 420 1920 scendere,
434 1847 489 1907 nisi
503 1848 544 1907 eis
559 1849 616 1909 alia
629 1851 756 1928 pecunia
775 1847 862 1908 detur
873 1847 911 1907 sd
928 1867 991 1907 rem
1004 1848 1175 1908 familiarem
1186 1847 1368 1910 constituen-

268 1939 357 1999 dam:
378 1959 446 2017 qum
472 1959 540 1999 curn
564 1951 688 2019 utraque
707 1940 778 2000 mihi
800 1958 856 1999 usu
870 1939 1012 2012 venerint,
1036 1940 1170 2013 ludices,
1183 1940 1275 2020 pluris
1295 1940 1368 2000 milri

266 2031 436 2092 trierarchia
460 2031 602 2091 constitit.
631 2031 746 2091 Etenim
770 2029 853 2090 nulla
873 2031 1008 2091 mercede
1021 2050 1040 2091 a
1053 2031 1130 2092 duce
1153 2042 1278 2112 aeoepta
1298 2043 1368 2093 octo

266 2123 415 2182 mensibus
434 2123 492 2183 hnc
517 2123 626 2204 appuli,
639 2124 755 2203 legatos
774 2123 895 2195 vehens,
917 2131 1072 2202 propterea
1095 2125 1175 2202 quod
1195 2144 1262 2184 mea
1285 2125 1368 2184 uaris

266 2215 375 2297 optime
389 2217 533 2277 instructa
546 2228 619 2278 erat.
661 2217 702 2276 Et
723 2217 791 2276 hine
811 2236 878 2276 cum
892 2235 993 2276 rursus
1008 2216 1147 2296 apopulo
1160 2217 1230 2274 milri
1243 2217 1369 2278 manda»
1418 2276 1422 2281 .

266 2323 329 2372 tum
344 2322 423 2371 esset
436 2322 470 2371 nt
484 2311 641 2370 Menonem
654 2310 761 2370 ducam
781 2310 811 2368 in
826 2308 1050 2389 Hellespontum
1068 2309 1205 2368 Autoolis
1219 2311 1268 2369 eui
1282 2312 1368 2372 abro-

267 2413 368 2483 gatum
392 2414 455 2463 erat
477 2403 628 2482 imperium
649 2401 714 2462 loco
736 2402 883 2475 veherem,
901 2401 1034 2462 celeriter
1056 2402 1140 2474 solvi,
1158 2412 1190 2462 et
1209 2403 1240 2461 in
1263 2422 1368 2463 eorum

266 2505 421 2556 nautarum
434 2496 486 2574 qui
498 2513 545 2555 me
559 2497 736 2575 reliquerant
747 2495 845 2557 locum
855 2496 984 2556 conduxi
998 2493 1081 2568 alios,
1092 2495 1177 2555 donis
1191 2507 1222 2556 et
1231 2507 1367 2557 auctora-

266 2587 372 2648 mentis
392 2589 505 2667 maguis
529 2589 615 2660 datis,
630 2589 777 2667 veteribus
791 2598 888 2648 autem
909 2589 1005 2649 nautis
1025 2588 1074 2668 qui
1096 2599 1299 2667 remanserunt
1311 2590 1368 2649 ali·

266 2682 339 2763 qnid
352 2682 474 2762 largitus
496 2703 562 2743 sura
579 2682 658 2762 quod
679 2683 759 2744 domi
780 2683 977 2760 relinquerent
993 2681 1031 2743 ad
1052 2681 1286 2742 constituendam
1304 2699 1368 2741 rem

266 2773 449 2849 familiarem,
466 2785 574 2855 praeter
593 2775 625 2835 id
645 2773 725 2855 quod
746 2775 826 2857 prins
847 2785 1032 2854 acceperant,
1048 2793 1107 2834 non
1128 2774 1278 2853 ignorans,
1293 2775 1367 2854 quid

266 2867 373 2948 cuique
386 2869 416 2928 in
431 2869 587 2951 praesentia
599 2877 678 2930 esset
696 2887 791 2947 opus:
813 2887 881 2927 eum
893 2878 989 2926 notem
1003 2869 1068 2947 ipse
1080 2867 1122 2927 ita
1134 2885 1260 2946 egerem,
1272 2877 1308 2926 ut
1323 2867 1369 2927 ita

266 2981 314 3023 me
327 2971 405 3024 amet
417 2962 533 3042 Jupiter
547 2973 578 3022 et
589 2961 695 3040 Apollo
708 2979 794 3019 nemo
807 2969 936 3019 vestrum
950 2961 1062 3033 credat,
1076 2960 1127 3040 qui
1141 2979 1201 3020 non
1214 2979 1281 3022 vere
1294 2979 1367 3040 cog·

266 3055 360 3115 nitnm
383 3064 492 3114 statum
508 3073 604 3113 rerum
623 3069 753 3111 mearum
764 3051 863 3122 habet,
877 3061 909 3111 et
920 3051 1045 3113 fundum
1059 3052 1263 3132 Thrasyloclro
1275 3061 1367 3132 atque

266 3147 420 3206 Archeneo
432 3145 682 3224 oppignerassem,
695 3143 815 3221 triginta
826 3144 912 3204 minis
925 3146 964 3205 ab
976 3145 1020 3207 eis
1031 3155 1133 3212 mutuo
1144 3147 1267 3227 sumptis
1276 3154 1366 3224 atque

266 3235 344 3296 inter
363 3232 468 3295 nantas
482 3235 655 3307 distributis,
670 3234 743 3296 solvi
760 3237 967 3317 profectusque
981 3257 1059 3310 sum,
1071 3248 1106 3297 nt
1124 3256 1161 3297 ne
1179 3237 1251 3316 quid
1263 3255 1366 3298 eorum

265 3349 333 3410 quae
345 3329 566 3406 mandaveratis,
579 3328 716 3410 populns,
729 3331 811 3408 quod
830 3331 862 3390 in
879 3351 927 3391 me
942 3331 1061 3411 quidem
1074 3342 1163 3403 esset,
1174 3331 1366 3392 desideraret.

267 3421 382 3492 Quibus
401 3421 490 3483 rebus
509 3422 635 3503 populus
648 3421 757 3482 auditis
775 3442 824 3483 me
838 3434 868 3484 et
888 3423 1066 3486 collaudavit
1086 3435 1118 3485 et
1137 3424 1177 3485 ad
1196 3440 1311 3484 emnam
1333 3424 1365 3482 in

267 3517 377 3578 curiam
392 3515 533 3576 invitavit.
559 3515 633 3576 llaec
645 3535 715 3577 vere
728 3535 747 3577 a
759 3535 806 3578 me
819 3516 887 3592 dici,
896 3517 975 3579 lecto
986 3516 1154 3580 testimonio
1166 3527 1198 3578 et
1208 3516 1366 3598 plebiscito

267 3606 465 3690 cognoscetis.

487 3819 793 3891 TESTIMONIUM.
835 3824 1133 3887 PLEBISCITUM.

308 3973 338 4032 5.
359 3970 524 4051 Postquam
537 3969 677 4029 autentu
692 3967 916 4047 Hellespontum
930 3968 1073 4042 venimus,
1086 3987 1176 4048 quum
1187 3967 1365 4030 trierarolriae

267 4083 342 4123 mem
355 4073 470 4144 tempus
484 4062 604 4135 exisset,
619 4071 650 4121 et
662 4061 810 4142 stipendia
827 4079 886 4122 non
905 4061 964 4121 nisi
982 4062 1106 4122 duorum
1126 4061 1269 4122 mensium
1289 4061 1366 4121 rnili-

268 4155 346 4214 tibus
371 4157 470 4216 soluta
491 4165 601 4230 essent,
621 4166 710 4236 atque
735 4154 810 4214 alius
833 4155 990 4235 imperator
1005 4155 1211 4216 Timomachus
1234 4155 1365 4228 adesset

266 4247 350 4326 isque
364 4247 461 4309 nullos
483 4251 601 4311 navium
619 4267 806 4312 suecessores
828 4247 998 4320 adduceret,
1011 4250 1095 4309 multi
1115 4269 1133 4309 e
1154 4249 1227 4310 meis
1240 4247 1365 4328 abjectis

267 4337 371 4400 anisnis
383 4359 456 4402 nave
470 4342 571 4405 relicta
586 4345 730 4415 abierunt,
748 4342 798 4402 alii
815 4341 845 4400 in
858 4341 960 4400 Asiam
973 4341 1136 4414 utilitatum,
1149 4342 1199 4403 alii
1215 4342 1246 4402 in
1259 4341 1366 4403 llrasi·

255 4432 350 4494 ¹orum
364 4443 395 4496 et
408 4433 619 4499 Maronitarum
643 4434 872 4516 nares,msgnis
887 4433 1008 4496 adducti
1031 4434 1180 4516 stipendiis
1198 4451 1365 4513 magnaque
