2967 5017
282 316 342 383 78⁴2
637 316 806 381 (lON'ERA
828 314 1025 379 NBAERAM.

281 472 464 555 publicorum
487 474 620 535 fanorum
643 474 725 555 leges
745 476 909 555 prohibent,
927 492 998 535 eam
1024 469 1131 551 quibes
1153 464 1268 530 adulter
1288 460 1401 523 fuerit

281 565 514 646 deprehensue)=
537 567 582 626 sin
602 566 744 647 ingressae
768 568 876 628 fuerint
900 563 1075 645 resumptis
1089 558 1225 639 'legibue
1256 556 1397 635 impune

280 658 386 738 quovis
400 657 534 719 mulctari
554 658 641 719 licere
658 660 759 731 modo,
775 660 842 721 ritae
855 659 1100 739 modoparcatur,
1109 663 1142 713 et
1154 648 1323 713 mulctandi
1332 667 1396 707 ees

281 760 458 832 potestatem
472 750 519 811 lex
532 751 624 811 cuivis
637 754 724 813 obvio
734 753 825 814 dedit.
853 754 923 814 Hac
936 761 1034 812 autem
1047 748 1085 809 de
1095 763 1195 816 eausa,
1204 740 1394 801 mulieribus

281 843 433 916 edulteris,
456 844 511 905 etsi
535 844 640 905 ceteris
663 845 797 907 omnibus
821 847 930 922 injuriis
951 842 1146 923 exagitentur,
1168 834 1290 916 negarit
1311 834 1394 893 ulti·

282 956 383 1006 ouem,
401 934 522 997 interfici
535 944 634 997 tamen
654 935 759 1010 noluit,
772 958 811 999 ne
833 940 903 998 lana
914 938 1089 1018 polluantur,
1101 941 1153 992 aut
1166 927 1269 1009 religio
1284 926 1391 986 viole·

281 1038 350 1095 tur:
369 1028 444 1088 satis
457 1047 566 1107 magno
579 1038 688 1089 terrore
698 1029 739 1089 illi
753 1031 836 1091 sexui
845 1031 962 1112 injecto,
973 1025 1012 1089 sd
1024 1024 1177 1090 colendam
1192 1018 1391 1088 modestiam,

282 1130 313 1181 ⁰2
325 1119 437 1200 flisslilss
450 1120 578 1191 Vitanda,
592 1120 757 1202 traditaque
770 1123 937 1205 disciplina,
952 1121 1079 1190 domum,
1090 1117 1166 1177 sicut
1183 1130 1305 1192 aequum
1326 1122 1388 1182 est,

281 1210 478 1284 custodiendi,
497 1212 577 1291 qnod
598 1212 625 1271 si
649 1214 720 1293 quid
742 1215 802 1277 tale
814 1217 846 1276 in
865 1237 898 1277 se
918 1212 1096 1282 admiserint,
1111 1206 1241 1269 simulet
1261 1204 1388 1265 sedibus

281 1306 389 1377 nenti,
405 1316 436 1367 ct
447 1304 572 1387 publicis
585 1305 664 1367 urbis
684 1306 759 1368 lanis
776 1310 835 1370 siut
847 1310 1008 1391 ejiciendae.
1049 1306 1124 1366 llaec
1143 1303 1185 1362 ita
1202 1320 1236 1361 se
1255 1299 1387 1372 habere,

275 1400 347 1481 ipsa
360 1400 428 1481 lege
442 1399 542 1461 audita
556 1401 755 1478 cognoscetis.
796 1403 877 1484 Cape
892 1403 996 1483 legem.

657 1568 737 1632 LEX
768 1568 1003 1631 ADULTERII.

318 1702 443 1764 Postqrsm
451 1709 527 1751 asten
537 1704 667 1753 sdnlterom
676 1701 863 1768 deprehenderit,
874 1702 898 1750 ei
909 1700 948 1762 qni
958 1697 1111 1761 deprehendit
1118 1709 1189 1757 porro
1199 1693 1223 1741 in
1231 1690 1383 1739 miri-⁰⁸3⁰

285 1778 369 1826 bebere
379 1777 499 1827 moliorem
510 1793 560 1827 enm
572 1796 601 1827 ne
611 1780 694 1843 lineatr
714 1794 782 1841 qnam
794 1778 816 1825 ei
826 1778 956 1834 retinuerit,
967 1773 1132 1837 ignominiosae
1142 1781 1201 1819 esto.
1233 1769 1322 1829 Neque
1331 1782 1383 1813 mu·

284 1853 337 1901 lieri
348 1852 418 1901 liceat
428 1854 517 1919 ingredi
528 1856 551 1903 in
561 1858 612 1905 sene
620 1857 722 1919 publiea,
733 1871 787 1905 oum
798 1871 843 1917 qne
853 1855 924 1903 inerit
933 1852 1024 1902 adulter
1033 1850 1208 1913 deprehensns:
1223 1846 1260 1893 sin
1272 1844 1382 1907 ingressa

283 1930 360 1986 inerit,
373 1930 467 1992 impune
477 1932 571 1997 quidvis
579 1933 602 1980 in
614 1949 663 1981 eam
675 1934 755 1990 liceat,
765 1940 839 1981 morte
848 1941 955 1994 excepte.

325 2046 374 2103 2³.
398 2030 550 2105 Exhibebo
571 2058 669 2107 autem
692 2046 784 2118 vohis,
806 2042 1013 2114 Athenienses,
1026 2039 1113 2099 etiarn
1134 2036 1236 2117 populi
1253 2034 1381 2096 Atheni·

283 2136 363 2197 ensis
377 2136 586 2210 testimonium,
600 2151 718 2219 quentre
731 2158 810 2198 curse
823 2137 887 2197 haec
906 2155 989 2197 sacra
1001 2134 1118 2205 habeat,
1132 2140 1244 2209 quanta
1260 2149 1298 2200 ea
1310 2128 1379 2189 dili·

284 2227 386 2309 gentia
407 2230 439 2289 ei
457 2230 557 2290 studio
577 2230 798 2311 complectatur.
841 2228 971 2309 Populus
990 2228 1067 2288 enim
1081 2222 1279 2296 Atheniensis,
1293 2226 1379 2306 cujus

283 2340 398 2385 summe
408 2320 457 2383 'ert
468 2323 499 2382 in
513 2324 598 2383 rebus
617 2325 656 2385 ad
669 2322 875 2404 rempublicam
895 2320 1105 2401 pertinentibus
1120 2317 1253 2377 omuibus
1275 2328 1378 2378 aucto-

283 2415 364 2488 ritas,
374 2415 480 2495 cuique
493 2418 589 2477 lacere
601 2418 681 2497 quod
695 2417 820 2479 voluerit
828 2415 908 2489 licet,
920 2416 961 2476 ita
971 2414 1142 2495 preclarum
1151 2423 1182 2472 et
1190 2411 1378 2492 splmdidum

284 2506 396 2569 donum
416 2526 483 2567 esse
504 2508 619 2570 censuit
638 2508 846 2570 Atheniensem
859 2508 930 2580 fieri,
942 2520 977 2568 ut
995 2509 1058 2588 ipse
1079 2505 1133 2567 eibi
1151 2505 1232 2583 leges
1246 2505 1378 2583 prescri-

284 2600 385 2681 pserit,
395 2599 501 2678 quibus
515 2601 629 2680 legibus
639 2601 793 2663 faciendus
804 2602 976 2681 sit,siquem
989 2601 1127 2661 donatum
1137 2597 1254 2657 civitate
1267 2596 1378 2668 velint3

284 2712 351 2773 quar
375 2712 452 2753 nnnc
476 2693 653 2773 proculcstre
672 2706 741 2756 sunt
761 2715 779 2756 a
798 2695 960 2775 Stephano,
973 2704 1003 2753 et
1020 2690 1055 2752 iis
1074 2692 1124 2770 qni
1137 2689 1181 2750 sic
1195 2690 1377 2749 matrimonia

285 2797 503 2849 contraxerunt.
545 2788 620 2856 Quae
633 2808 685 2849 vos
697 2789 814 2850 audisse
826 2788 984 2870 prestabit,
1001 2796 1034 2845 ut
1045 2783 1240 2863 cognoscatis,
1251 2802 1303 2842 eos
1311 2783 1375 2863 pnl-

285 2876 428 2941 cherrims
441 2888 472 2938 et
486 2879 724 2959 splendidissima
744 2881 833 2955 dona,
847 2881 885 2940 de
904 2877 1055 2959 republica
1073 2877 1150 2935 bene
1168 2874 1277 2935 meritis
1289 2876 1375 2935 nimi

286 2970 383 3051 sulita,
396 2970 621 3033 contaminasse.
661 2972 790 3033 Primum
804 2974 881 3032 enim
898 2972 960 3031 lata
978 2971 1045 3029 hoee
1063 2969 1173 3049 populo
1195 2968 1244 3028 lex
1260 2980 1318 3039 est,
1337 2988 1375 3027 ne

284 3082 371 3141 quem
384 3062 582 3124 fauereliceat
594 3065 814 3137 Atheniensem,
833 3064 889 3123 nisi
909 3063 969 3146 qui,
989 3072 1105 3143 propter
1124 3073 1271 3123 suenuam
1284 3060 1373 3121 Athe-

286 3154 380 3217 niensi
392 3153 502 3233 populo
516 3166 649 3216 navatam
664 3174 781 3236 operam
796 3168 828 3217 et
840 3156 1051 3228 fortitudinem,
1064 3154 1125 3215 fieri
1139 3153 1208 3213 ciris
1222 3164 1374 3223 mereatur.

288 3244 414 3319 Deinde,
425 3245 449 3306 si
462 3264 633 3323 persuasum
645 3250 756 3329 populo
770 3249 867 3324 luerit,
880 3261 914 3309 ut
926 3243 977 3310 det
988 3250 1021 3309 id
1029 3268 1148 3318 munus,
1158 3256 1249 3305 ratam
1258 3257 1374 3327 coopta-

286 3336 394 3396 tionem
416 3354 483 3395 esse
505 3336 583 3399 haud
606 3338 683 3411 sinit,
706 3341 760 3401 nisi
784 3342 926 3402 concione
946 3341 1080 3422 sequenti
1103 3339 1154 3399 viri
1177 3337 1300 3419 amplius
1320 3358 1371 3399 sex

286 3426 366 3489 mille
380 3426 576 3491 Athenienses
594 3432 715 3493 occultis
730 3432 875 3513 suffragiis
890 3430 1114 3515 comprobarint.
1156 3434 1310 3491 Senatores
1323 3449 1372 3489 au·

285 3532 345 3583 tem
359 3522 445 3601 jubet
468 3541 504 3582 ea
519 3522 566 3583 lex
589 3544 751 3609 proponere
771 3526 919 3607 capsulas,
934 3537 965 3586 et
983 3524 1114 3585 calculos
1135 3523 1205 3583 dere
1224 3522 1371 3583 accedenti

284 3614 404 3697 populo,
424 3612 592 3696 priusquam
615 3616 746 3698 hospites
773 3619 984 3698 ingrediantur,
1004 3628 1035 3678 et
1056 3616 1175 3697 premis
1198 3614 1319 3683 tollant;
1339 3626 1372 3676 ut

285 3707 488 3788 uuusquisque
508 3709 553 3769 sui
572 3710 646 3790 juris
660 3710 758 3772 adhue
774 3732 875 3791 secum
889 3712 950 3792 ipse
963 3710 1112 3780 deliberet,
1128 3727 1215 3788 quem
1233 3709 1323 3767 civem
1336 3707 1371 3769 sit

284 3802 428 3874 facturus,
441 3821 479 3860 an
492 3820 530 3861 eo
543 3822 663 3863 munere
677 3804 716 3864 sit
728 3803 837 3884 dignus
850 3805 939 3884 isqui
953 3813 1126 3882 accepturus
1138 3802 1186 3861 sit.
1226 3800 1300 3861 Post
1310 3800 1368 3859 hec

285 3894 456 3957 violatamm
477 3893 575 3972 legum
599 3897 742 3957 achonem
769 3896 860 3957 cuiuis
882 3895 1105 3957 Atheniensium
1126 3895 1156 3953 in
1181 3912 1249 3953 eum
1274 3892 1367 3954 dedit:

285 3986 411 4068 licetque
424 3988 556 4067 ingresso
569 3989 598 4048 in
610 3990 751 4069 judicium
771 3992 925 4063 revincere,
938 4010 998 4051 non
1012 3991 1133 4069 dignum
1147 4006 1211 4050 esse
1230 4006 1297 4047 eum
1310 4008 1369 4047 mu-

284 4100 354 4142 nere
366 4084 427 4157 illo,
445 4083 498 4143 sed
512 4092 615 4145 conus
624 4086 705 4165 leges
719 4085 926 4147 Atheniensem
940 4104 1007 4146 esse
1018 4085 1137 4147 factum.
1179 4084 1217 4142 Et
1225 4082 1286 4163 jam
1300 4100 1366 4142 non·

284 4172 372 4233 nullis
394 4176 540 4254 usuvenit,
559 4188 593 4237 ut
614 4178 684 4238 dato
708 4197 827 4238 munere
846 4198 897 4259 per
923 4177 1075 4257 populum,
1098 4175 1289 4255 flagitantium
1309 4195 1367 4234 rer-

283 4265 327 4325 bis
355 4266 523 4348 deceptum,
549 4270 631 4331 salsae
656 4270 816 4351 rogationis
843 4270 958 4331 actione
983 4268 1062 4351 epod
1080 4268 1196 4350 judices
1218 4267 1366 4348 proposita,

168 4408 172 4417 .
284 4358 308 4417 ie
333 4356 382 4438 qni
408 4380 515 4423 munus
538 4363 711 4445 accepisset,
738 4362 960 4425 condonentur
987 4383 1107 4423 manere
1133 4361 1271 4440 indignus
1296 4380 1363 4432 esser

283 4470 377 4532 seque
381 4452 518 4531 judicum
536 4458 681 4519 sententia
699 4457 882 4537 spoliaretur.
923 4457 967 4517 Ac
981 4456 1089 4520 multos
1106 4476 1124 4515 e
1139 4454 1282 4517 veteribus
1292 4472 1364 4514 com·
