2967 5017
269 261 338 354 sar*
520 265 530 282 ''
559 285 776 352 nnvsasus
797 293 1064 354 rinorunun.

311 451 339 510 8.
363 448 458 510 Etiam
472 450 650 528 argumentis
665 451 771 510 docere
785 467 837 508 vos
851 449 980 507 conabor
989 465 1029 506 ea
1039 465 1107 525 quse
1120 444 1187 505 dico
1202 463 1274 504 vera
1291 449 1368 504 esse.

268 540 383 602 Putatis
396 542 482 610 enim,
502 541 634 611 ludices,
656 553 769 621 putrem
782 560 891 611 meum,
912 540 965 600 nisi
978 537 1124 598 Timothei
1137 538 1265 599 fuissent
1278 538 1367 616 ligna,

266 643 296 694 et
315 633 371 692 iste
391 652 458 694 eum
473 644 616 712 rogasset,
630 635 836 694 commendato
859 631 1015 702 Phssonda,
1033 651 1101 692 cum
1117 631 1155 691 ad
1176 631 1274 690 duces
1286 629 1367 707 ⁴regia

268 717 403 796 solueret,
418 725 581 784 soluturum
602 725 693 785 fuisse
717 726 846 797 naulum,
860 736 912 784 aut
924 724 1131 804 permissurum
1143 741 1289 802 unquam,
1302 739 1367 781 cum
1451 782 1453 793 ‚

267 815 293 875 ei
307 835 358 895 pro
369 818 458 877 naulo
472 817 553 896 ligna
566 818 760 898 oppignerata
772 827 885 888 essent,
904 827 938 876 ut
951 835 988 876 ea
1007 815 1167 876 Philondaa
1180 835 1198 874 e
1213 825 1303 894 portu
1322 831 1366 872 aa·

266 916 403 985 portaret,
418 929 453 968 ac
468 928 525 969 non
540 910 635 988 potius
650 928 765 970 serrum
780 909 906 987 aliquem
919 908 1115 968 adhibiturum
1129 906 1179 985 qui
1195 905 1368 976 custodiret,

252 1011 297 1060 =et
310 1001 431 1078 pretium
450 1001 592 1080 reciperet
610 1002 794 1061 venditorum
808 1002 966 1088 lignorum,
987 1000 1081 1059 donec
1104 999 1160 1058 sibi
1183 999 1369 1060 satisfactum

173 1109 185 1134 ⁹
231 1079 236 1086 ⁶
265 1102 354 1161 esset,
370 1092 394 1152 si
417 1091 569 1153 Philondae
591 1093 727 1166 fuissent,
742 1105 772 1154 et
794 1112 883 1153 cauas
903 1091 1109 1171 negotiationis
1122 1090 1278 1174 advecta}
1305 1091 1369 1148 lam

265 1182 312 1243 cul
326 1195 455 1244 vestrum
468 1185 623 1246 verisimile
636 1187 677 1256 lit,
700 1185 755 1244 nisi
771 1185 913 1264 jussisset
930 1184 983 1243 iste
1006 1183 1119 1244 soluere
1137 1183 1263 1242 naulum
1277 1183 1368 1260 ligno·

265 1293 329 1334 rum
343 1269 412 1353 quoe'
429 1275 466 1336 ab
486 1279 619 1356 Amynta
631 1277 658 1335 ei
678 1278 749 1336 data
762 1277 889 1345 fuerant,
904 1274 1082 1336 crediturum
1097 1274 1187 1333 fuisse
1205 1273 1369 1342 Philondae,
1430 1283 1438 1298 ·

264 1375 293 1424 et
314 1385 468 1445 passurum
492 1377 553 1427 uta
571 1379 655 1446 portu
676 1368 705 1426 in
727 1368 808 1429 sedes
832 1369 915 1428 istius
937 1367 987 1426 illa
999 1365 1140 1426 veheret?
1160 1377 1217 1426 aut
1235 1366 1288 1444 qui
1309 1363 1368 1423 fieri

158 1469 162 1480 '
264 1467 364 1536 potest
378 1468 411 1518 ut
423 1457 582 1518 Philondas
596 1460 804 1537 negotiationis
815 1479 907 1519 causa
919 1458 1000 1538 ligna
1015 1458 1134 1528 vexerit,
1146 1467 1181 1517 ut
1196 1459 1256 1518 iate
1267 1455 1367 1534 inquit,

263 1549 406 1628 cumipse
420 1569 553 1610 reversus
567 1551 623 1616 illis
636 1551 723 1630 lignis
744 1552 782 1611 ad
797 1571 881 1612 suam
894 1551 1117 1609 aedificationem
1127 1549 1220 1609 fuerit
1239 1546 1368 1610 abusuri

242 1717 244 1722 ,
264 1638 343 1701 lllnd
356 1643 442 1702 etiam
456 1642 651 1714 considerate,
667 1643 777 1703 multos
790 1644 869 1702 cives
887 1653 919 1702 et
934 1631 1118 1701 bonos'riros
1140 1639 1187 1699 isti
1210 1640 1366 1701 familiares

213 1759 217 1768 ·
264 1733 328 1811 ejus
352 1735 472 1812 negotia
492 1753 621 1808 curasse,
643 1735 767 1795 absente
793 1733 874 1814 apud
898 1753 998 1812 regem
1019 1731 1181 1793 Timotheo.
1233 1732 1365 1800 Quorum

264 1823 362 1884 nullus
376 1843 431 1904 pro
445 1827 611 1888 testimonio
625 1827 722 1887 dicere
743 1845 832 1887 ausus
853 1825 919 1895 fuit,
933 1824 991 1894 vel,
1008 1844 1066 1884 non
1080 1823 1230 1903 accepisse
1246 1821 1366 1883 Philon·

262 1915 330 1978 dam
349 1918 469 1978 naulum
482 1937 501 1978 a
514 1937 627 1991 mensa,
640 1919 698 1990 vel,
712 1930 866 1996 acceptum
879 1916 1054 1987 reddidisse,
1069 1917 1117 1976 ael
1131 1917 1218 1976 etiarn
1233 1917 1364 1995 ipsorum

222 2035 228 2050 ,
263 2007 388 2086 aliquem
410 2009 530 2068 naulum
555 2009 724 2069 dissolvisse
747 2010 785 2069 de
806 2009 892 2088 lignis
909 2028 976 2087 quoe
997 2007 1160 2068 Philondam
1181 2009 1275 2078 vexit,
1290 2005 1365 2066 dnus

261 2097 309 2158 isti
322 2099 359 2158 ab
373 2099 510 2178 Amynta.
550 2099 647 2159 Pluris
661 2099 739 2159 enlm
753 2101 865 2159 faciunt
876 2099 1115 2160 existimationem
1128 2110 1159 2159 et
1170 2099 1260 2160 fidem
1272 2096 1366 2170 suam,

262 2209 350 2269 quarn
364 2200 397 2250 ut
410 2191 492 2252 falsis
506 2192 681 2254 testimoniis
693 2192 828 2253 dicendis
837 2191 992 2251 Timotheo
1006 2191 1215 2268 gratificentur.
1260 2193 1366 2272 Neque

262 2293 360 2343 tamen
385 2303 416 2344 ae
438 2284 638 2346 verumetiam
657 2285 855 2344 testimonium
873 2285 903 2342 in
924 2302 992 2345 eum
1008 2282 1138 2342 dicturos
1151 2301 1229 2350 ease,
1243 2293 1366 2362 propter

262 2373 483 2436 familiaritatem
498 2378 587 2464 0njna,
610 2377 800 2436 affirmarunt.
854 2376 931 2435 Cum
954 2375 1043 2454 igitur
1063 2392 1149 2435 nemo
1176 2372 1364 2435 familiarium

194 2503 201 2512 -
263 2467 409 2528 testificari
424 2487 514 2527 ausus
528 2469 621 2539 fuerit,
636 2480 667 2528 et
685 2479 906 2546 procuratorum
924 2466 1000 2545 ejus,
1014 2467 1084 2526 dum
1102 2465 1183 2545 apud
1194 2483 1298 2544 regem
1312 2467 1363 2527 ab·

260 2559 325 2632 fuit,
340 2560 385 2620 rel
407 2581 467 2620 non
484 2560 776 2641 accepissenaulum
799 2561 943 2640 lignorum
968 2559 1143 2619 Philondam
1157 2578 1176 2618 a
1188 2577 1302 2630 menam
1319 2557 1362 2618 vel

261 2649 387 2729 ipsorum
412 2652 538 2731 aliquem
557 2652 745 2714 dissolvisse:
767 2670 804 2712 an
826 2671 885 2754 nqn
909 2652 1074 2712 existimare
1095 2650 1209 2710 debetis
1228 2671 1278 2711 me
1294 2665 1362 2709 vera

260 2741 363 2822 loquil
384 2746 429 2806 Ac
444 2764 480 2804 ne
493 2745 567 2805 illud
578 2735 696 2825 quidem
711 2745 807 2805 dicere
825 2745 957 2815 audebit,
971 2743 1060 2804 alium
1069 2761 1244 2822 quemquam
1255 2741 1360 2804 dissol-

261 2835 338 2898 risse
356 2839 474 2898 naulum
490 2838 526 2898 de
547 2837 634 2917 lignis
654 2857 721 2918 qum
735 2838 816 2900 vexit
836 2837 1009 2908 Philondas,
1024 2854 1111 2915 quam
1125 2846 1240 2916 patrem
1253 2853 1359 2896 meum.

262 2927 315 2988 Sin
328 2930 424 2990 verbis
448 2930 593 3002 abutetur,
617 2930 765 3008 postulate
786 2939 820 2987 ut
843 2927 1040 2987 testimonium
1061 2927 1125 3006 ejus
1147 2926 1288 2991 exhibeat
1309 2926 1358 3004 qui

262 3021 380 3080 naulum
405 3021 523 3081 solverit
546 3022 583 3080 de
608 3021 704 3098 lignis.
753 3019 786 3076 ln
798 3019 936 3078 confesso
948 3019 1026 3078 enim
1043 3027 1089 3078 est
1108 3018 1207 3099 ipsum
1229 3019 1358 3080 abfuisse

261 3112 340 3189 apud
356 3131 463 3189 regern,
478 3111 652 3171 Philondam
665 3121 773 3184 autem,
786 3131 873 3189 quem
886 3121 1005 3190 propter
1017 3111 1099 3190 ligna
1111 3112 1232 3171 miserat
1241 3121 1273 3172 et
1285 3109 1358 3192 patri

261 3219 327 3259 meo
341 3203 570 3274 commendarat,
584 3202 730 3262 invenisse
746 3213 901 3274 mortuum,
915 3223 983 3263 cum
1001 3223 1020 3264 a
1038 3223 1108 3283 rege
1121 3223 1254 3265 reversus
1270 3214 1357 3265 esset.

262 3291 393 3352 Necesse
407 3292 495 3372 igitur
519 3294 709 3376 est'aliorum
733 3305 927 3374 cognatorum
944 3307 996 3356 aut
1011 3296 1199 3356 familiarium
1219 3298 1356 3376 aliquem,

261 3383 367 3463 quibus
389 3383 520 3445 abiturus
539 3407 638 3446 curam
661 3407 757 3446 rerum
779 3408 898 3448 suarum
912 3388 1077 3462 mandarat,
1090 3389 1175 3461 scire,
1187 3390 1266 3465 unde
1281 3406 1356 3449 com·

261 3485 363 3554 parato
376 3477 463 3537 naulo
481 3479 624 3556 lignorum
640 3479 802 3542 Philondns
816 3481 995 3540 naviculario
1008 3481 1192 3552 satisfecerit,
1204 3481 1228 3540 si
1245 3503 1277 3542 se
1290 3499 1355 3541 eum

260 3570 333 3648 patri
359 3570 596 3642 commendasse,
614 3581 645 3630 et
663 3573 811 3650 accepisse
829 3573 1002 3636 Philondam
1023 3595 1042 3634 a
1062 3585 1144 3654 patre
1158 3594 1224 3634 meo
1237 3575 1354 3636 naulum

259 3663 404 3742 lignorum
419 3675 516 3744 negat.
560 3663 677 3724 Nullius
692 3684 764 3744 ergo
781 3666 977 3726 testimonium
997 3667 1125 3745 proferre
1146 3676 1231 3744 potes
1250 3662 1352 3726 famili·

259 3755 351 3838 arium
362 3764 485 3827 tuorum,
497 3755 534 3814 de
543 3775 601 3816 non
611 3765 746 3835 accepto,
756 3766 786 3816 te
800 3758 1029 3830 absente‚naulo
1039 3758 1185 3836 lignorum
1196 3759 1353 3827 demensa,

259 3847 311 3907 aed
326 3848 496 3930 alterutrum
505 3867 624 3908 necesse
635 3859 690 3920 est,
700 3859 729 3907 te
742 3859 794 3909 aut
808 3849 889 3910 nullo
902 3849 945 3909 uti
957 3849 1142 3918 familiarium
1157 3869 1255 3929 nequa
1267 3849 1351 3910 fidem

258 3938 365 4002 habere
385 3940 436 4000 ulli
450 3950 577 4011 tuorum,
590 3949 651 4011 aut,
665 3959 731 3999 curn
753 3941 823 4000 satis
837 3942 914 4002 scias
929 3941 1102 4001 Philondam
1114 3941 1267 4021 accepisse,
1282 3959 1351 4001 nau·

258 4031 319 4090 lum
346 4031 491 4110 lignorum
516 4051 534 4091 a
556 4041 637 4112 patre
659 4051 735 4102 meo,
758 4031 1006 4110 quemadmodum
1029 4053 1095 4093 eum
1121 4034 1349 4100 commendarat,

244 4122 403 4182 cumhinc
419 4123 558 4196 solveres,
572 4123 734 4184 existimare
750 4125 843 4195 nobis,
858 4125 882 4183 si
895 4124 1003 4203 possis,
1016 4123 1198 4196 fraudandis,
1213 4127 1271 4186 tuis
1284 4121 1349 4183 rsti-

259 4211 363 4272 onibus
386 4226 416 4273 et
438 4218 611 4295 compendio
631 4217 832 4298 perinjurium
853 4217 1076 4284 consulendum.
1117 4219 1183 4298 Ego
1196 4239 1277 4293 vero,
1294 4217 1347 4277 Ju-

258 4306 352 4377 dices,
367 4317 472 4384 praeter
486 4309 683 4386 testimonium
698 4309 778 4388 quod
793 4308 875 4368 vobis
888 4309 1015 4380 exhibui,
1027 4330 1124 4370 eorum
1139 4311 1189 4389 qui
1204 4331 1236 4371 se
1252 4312 1284 4369 iis
1297 4307 1347 4367 de·

259 4399 336 4459 disse
351 4409 513 4477 argentum,
529 4401 633 4478 quibus
655 4403 709 4464 iste
727 4401 825 4480 jussit,
839 4401 951 4472 dicunt,
965 4401 1073 4482 quique
1088 4403 1342 4466 aduersantium
