2967 5017
194 293 212 400 j
304 322 324 377 a
422 270 430 282 ’
616 309 792 414 cauma
810 257 1079 378 mulacrum.

302 482 392 533 reete.
412 470 481 532 Non
494 471 648 551 ignorabat
660 471 793 530 nimirum
812 471 972 550 infitiator,
990 470 1022 529 in
1034 479 1105 530 natu
1119 465 1281 547 majorim
1301 468 1405 546 rigere

300 563 487 644 pudentiana
498 554 667 640 (andedam
682 573 781 623 autem
794 564 921 642 incipere
928 563 991 642 jam
1005 561 1131 622 deficere
1148 561 1179 620 in
1191 560 1246 634 eie)
1259 560 1300 619 ob
1316 579 1404 618 uanm

301 675 406 716 mrum.
428 654 540 715 Volent
550 655 639 733 igitur
654 653 895 733 prudentitaimoe
907 671 1042 732 quotque
1050 651 1275 724 consuefacere,
1287 661 1322 710 at
1335 670 1406 710 aen-

300 751 423 810 tentiam
434 747 665 808 neoeeearioeibi
677 747 834 807 dicendam
848 756 1003 826 putarent:
1024 764 1091 806 cum
1101 745 1336 824 uniuecujnnqne
1348 763 1405 804 no·

301 841 434 901 meatim
447 839 616 920 appellandi
627 838 797 902 acumem
810 857 870 898 non
887 838 1020 910 haberet,
1034 836 1180 898 communi
1196 837 1288 896 totiua
1303 836 1405 896 anns

300 933 476 1012 cognomine
487 943 642 1011 usurpato,
654 932 695 991 ad
706 939 881 1010 nggeatnm
896 949 947 990 eoa
961 933 1057 1000 noent,
1067 938 1097 988 et
1109 927 1148 988 ad
1161 927 1316 988 habendae
1329 947 1404 988 con-
1465 927 1466 932 ’

263 1085 268 1092 ,
300 1024 598 1086 cioneaadbortatur:
618 1023 979 1104 eademqneopmaetiam
991 1024 1194 1085 adohaeentee
1205 1025 1403 1084 nemrim

301 1137 373 1196 erga
389 1117 521 1176 eenioree
532 1115 728 1177 adhibendam
741 1135 809 1176 enee
821 1115 919 1188 docet,
933 1116 1034 1196 eisque
1047 1117 1172 1196 priorem
1189 1116 1220 1174 in
1233 1118 1323 1176 mom
1337 1137 1403 1178 em-

302 1210 389 1269 nibnn
401 1210 499 1269 locum
510 1208 743 1281 eoncedendum,
756 1220 788 1270 et
804 1209 944 1270 honorem
956 1209 1100 1272 senectuti
1120 1209 1300 1281 labendum,
1314 1222 1350 1270 nt
1360 1212 1403 1272 ad

301 1321 390 1381 mam
402 1302 571 1381 perventuri
584 1303 678 1362 simne
686 1321 801 1372 omnen,
816 1302 873 1362 nisi
893 1321 950 1363 noa
964 1301 1026 1362 iata
1042 1301 1260 1380 interceperint
1296 1302 1403 1381 ltaque

302 1403 416 1454 retem
427 1393 472 1453 illi
482 1403 623 1466 omtorea,
636 1393 775 1466 Periclea,
788 1393 1011 1467 Themistoclea,
1025 1393 1181 1468 An'etiden,
1191 1395 1245 1472 qni
1257 1393 1404 1455 daei-ile

302 1483 460 1546 'l'irnmcho
472 1486 751 1563 cognomeuhabct,
764 1485 872 1566 quippe
883 1486 934 1565 qni
950 1487 1054 1566 Ῐιιιιιιι·
1063 1485 1235 1566 appellemr,
1248 1487 1325 1548 adeo
1338 1505 1402 1547 mo·

299 1579 379 1639 denti
390 1579 520 1650 fnemnt,
539 1589 583 1649 nt,
601 1579 682 1657 qnod
702 1597 783 1640 uuae
795 1579 836 1641 de
856 1597 938 1641 mora
958 1597 1061 1640 omnen
1075 1579 1208 1652 iacimnr,
1230 1589 1266 1639 ut
1287 1581 1403 1659 prolata

300 1685 390 1730 mauu
399 1671 540 1744 dicmna,
549 1671 581 1731 id
590 1681 653 1731 turn
662 1671 795 1733 eudaeioe
805 1671 968 1744 tribuerint,
977 1685 1008 1733 et
1016 1671 1203 1732 verecundati
1212 1671 1281 1731 rint.
1306 1672 1401 1750 Cujtte

301 1763 643 1841 epoconmetudinime
652 1763 749 1844 reipsa
756 1781 896 1844 magum
905 1763 989 1824 robii
998 1772 1203 1842 argumentum
1211 1772 1402 1824 namuurum

302 1855 433 1914 arbitror.
466 1856 545 1914 Satin
559 1855 637 1914 enlm
649 1857 722 1929 ecio,
735 1873 790 1926 voc
806 1873 908 1920 omnes
921 1855 1070 1934 trajecisse
1088 1853 1279 1924 wemmam,
1300 1865 1334 1914 et
1347 1855 1401 1914 So·

301 1945 380 2006 ionia
400 1957 550 2025 apecteaee
570 1957 722 2018 mainz,
740 1950 838 2026 itaque
858 1947 913 2026 ipai
932 1946 1035 2007 tentari
1053 1944 1185 2024 potentie
1205 1945 1347 2006 Solonem
1371 1949 1400 2006 in

301 2038 367 2096 loro
377 2036 599 2096 Salaminiorum
612 2037 701 2096 eitum
713 2055 779 2097 eene
793 2055 880 2098 mann
892 2039 1097 2098 innitentem
1109 2031 1238 2097 condite.
1261 2033 1342 2096 illud
1355 2049 1401 2098 eet

300 2129 521 2200 monimentum,
534 2127 739 2200 Athenienses,
763 2135 794 2189 et
806 2129 993 2192 simulacrum
1007 2138 1111 2207 gantur
1125 2127 1254 2202 Solonio,
1268 2147 1398 2207 quonam

301 2227 388 2299 pacto
402 2237 470 2278 cum
483 2219 591 2299 populo
606 2220 828 2280 Atheniensium
850 2238 1013 2304 sermonem
1028 2220 1172 2279 hebuerit.
1206 2220 1399 2282 Considerate

301 2321 412 2388 numm,
428 2310 630 2382 Athenienses,
645 2323 787 2388 quantum
798 2313 874 2372 inter
885 2312 1022 2371 Solonem
1033 2324 1063 2373 et
1073 2311 1259 2374 Timarchum
1275 2313 1398 2384 intersit,

302 2413 333 2461 et
345 2421 395 2460 eoa
407 2402 485 2462 viros
500 2405 623 2481 quorum
637 2403 726 2480 paulo
740 2413 810 2462 ante
824 2405 1001 2463 mentionem
1014 2403 1082 2464 feci.
1117 2404 1189 2465 llloa
1202 2405 1281 2464 enim
1296 2407 1399 2484 puduit

300 2502 423 2552 extenta
434 2511 523 2552 meno
539 2493 629 2552 rerba
647 2493 765 2553 iacere:
786 2495 843 2554 iste
864 2505 961 2554 autem
985 2513 1045 2554 non
1065 2495 1210 2578 olim0aad
1232 2509 1330 2576 nuper
1345 2498 1397 2556 ali-

300 2586 420 2665 qnando
433 2585 550 2666 abjecta
562 2595 645 2645 reate
664 2587 761 2647 nudus
782 2595 845 2647 toto
863 2605 982 2666 corpore
1003 2588 1134 2666 pugilem
1153 2589 1261 2666 egebat
1282 2590 1312 2648 in
1331 2609 1398 2650 con·

301 2677 405 2738 cione:
426 2686 457 2737 et
476 2669 594 2756 quidem
609 2697 730 2760 corpore
749 2677 787 2740 oh
810 2677 979 2739 ebrietatem
1001 2688 1031 2737 et
1051 2677 1240 2758 petulentiam
1264 2679 1308 2742 ita
1322 2681 1398 2742 mele

300 2773 480 2852 turpiterque
495 2769 615 2842 affecto,
634 2781 668 2830 ut
688 2770 822 2831 hominen
841 2771 953 2832 cordati
972 2769 1073 2832 oculos
1094 2771 1235 2846 velarent,
1254 2792 1397 2836 verecun-

298 2866 407 2932 dantes
419 2864 588 2942 reipublice
600 2863 705 2935 vieem,
718 2882 786 2940 quaa
796 2863 905 2922 talihua
915 2862 1134 2924 coemiturihue
1145 2871 1284 2926 ιιιιιιιιιι.

339 2960 369 3015 7.
390 2955 506 3021 Quibus
518 2957 606 3014 rebus
617 2953 766 3032 legislator
779 2955 952 3032 perspectis,
962 2954 1050 3032 plane
1059 2953 1396 3035 demonstravit,quihun

213 3040 217 3046 ¹
300 3045 459 3108 conciones
468 3044 690 3112 sinehabendae,
698 3053 729 3101 et
741 3041 847 3120 quibus
857 3043 936 3121 apud
945 3045 1085 3123 populum
1094 3045 1328 3107 rerbafacienda
1338 3067 1396 3108 non

299 3139 366 3198 sint.
388 3135 568 3213 Neqaevero
581 3155 599 3192 a
610 3143 753 3210 suggestu
763 3131 877 3212 repellit
889 3151 1062 3212 quemqnam
1076 3136 1125 3212 qui
1134 3137 1337 3215 riroprmtorio
1346 3157 1398 3199 na·

301 3242 349 3289 tue
359 3245 417 3286 non
429 3236 485 3298 eat,
498 3225 604 3302 autqni
615 3235 707 3284 artem
716 3223 842 3302 aliquam
854 3235 973 3285 exercet
983 3225 1076 3286 victua
1090 3227 1331 3306 parandicausa:
1343 3229 1396 3290 aad

301 3319 357 3377 hon
368 3318 416 3376 vel
433 3318 559 3375 maxime
573 3315 769 3395 amplectitur,
787 3333 881 3394 enque
894 3317 931 3376 de
943 3333 1034 3378 canta
1055 3335 1134 3398 sape
1146 3319 1314 3400 interrogat,
1333 3323 1398 3400 quin

300 3407 399 3480 dicere
406 3405 494 3470 veliti
507 3407 590 3475 Quos
601 3407 833 3470 veroadicendo
842 3407 964 3489 repulit?
978 3407 1036 3477 Qui
1042 3413 1251 3490 turpemvitnm
1263 3425 1397 3493 egerunt.

302 3499 363 3561 llos
373 3499 539 3560 concionari
549 3518 609 3558 non
619 3499 697 3558 sinit
718 3499 817 3578 Atque
826 3502 876 3562 ubi
886 3501 916 3560 id
925 3495 1075 3562 decimati
1088 3503 1226 3583 Incapite
1240 3501 1293 3565 De
1312 3505 1398 3568 Ora·

159 3637 165 3644 ·
261 3665 265 3676 Ι
301 3605 419 3655 torum
438 3589 710 3671 Exploratione.
736 3591 874 3672 Siquis,
894 3591 997 3671 inquit,
1017 3595 1159 3672 publice
1176 3593 1288 3655 verba
1303 3595 1397 3658 iece-

299 3687 357 3755 rit,
379 3683 439 3765 qni
458 3694 595 3763 patrem
618 3692 679 3743 aut
697 3694 842 3743 matrem
856 3685 1039 3757 verberat,
1062 3695 1211 3746 autnon
1232 3685 1311 3760 alit,
1336 3701 1397 3750 aut

133 3817 138 3826 ,
175 3817 183 3823 -
298 3777 358 3855 pie
383 3776 524 3836 domum
544 3776 617 3835 non
641 3777 787 3854 prebet,
808 3773 901 3836 hunc
919 3775 1029 3835 verba
1049 3773 1186 3850 iacere
1208 3797 1276 3840 non
1298 3775 1398 3844 sinit

268 3900 272 3904 -
301 3869 397 3948 idque
410 3878 489 3928 recte
503 3861 678 3937 mehercule}
694 3885 761 3926 mea
772 3865 890 3946 quidem
904 3866 1059 3929 sententia.
1083 3867 1166 3930 Curi
1192 3867 1281 3939 Quod
1294 3873 1318 3932 ei
1333 3875 1399 3954 quia

298 3979 371 4040 erga
384 3978 435 4021 eoa
444 3957 541 4019 officio
555 3975 614 4017 non
627 3959 768 4038 iungitur,
778 3960 826 4038 qni
839 3959 902 4040 pari
914 3977 981 4020 cum
994 3959 1049 4020 diis
1062 3961 1274 4024 immortalibus
1287 3961 1399 4028 honore

300 4063 371 4112 nunt
382 4050 547 4126 afficiendi:
566 4049 592 4108 ie
606 4071 665 4129 quo
678 4064 766 4130 pacto
781 4047 854 4111 aiios
871 4054 1005 4112 homines
1019 4053 1165 4128 tractabit,
1179 4065 1314 4116 ettotam
1329 4058 1399 4118 civi·

300 4143 416 4204 tatami
437 4143 551 4210 Quibus
565 4143 697 4204 mundo
718 4142 785 4204 loco
802 4141 944 4204 habendis
963 4145 1153 4206 concionibus
1172 4145 1338 4208 interdixit?
1359 4151 1398 4211 Si

301 4236 397 4314 quis,
420 4235 524 4313 inquit,
549 4233 769 4314 imperatas
801 4235 875 4294 eibi
904 4235 1296 4314 expeditioneenon
1318 4243 1398 4301 obi:

300 4327 393 4398 erit,
411 4333 475 4385 aut
493 4324 675 4405 clypeum
699 4327 891 4406 abjecerit.
920 4325 1023 4389 Recte.
1049 4329 1268 4391 Curtandemi
1287 4331 1398 4406 Homo,

299 4421 328 4480 ei
341 4417 461 4488 civitati,
475 4436 529 4496 pro
542 4434 602 4496 qua
614 4436 695 4479 arma
708 4435 768 4479 non
781 4419 882 4492 sumis,
896 4417 1003 4498 cuique
1015 4421 1053 4482 ob
1066 4421 1213 4502 ignaviam
1226 4435 1311 4502 opem
1322 4425 1399 4486 ferre
