2967 5017
291 637 589 700 ARGUMEN'utJm
607 591 831 702 ORATIONlS
845 643 1062 704 ADVERSUS
1080 639 1299 706 Poutcuutt
1324 643 1386 703 DE

380 731 612 795 SUMPTIBUS
633 735 773 794 FlNl'lO
793 735 969 796 unvums
989 734 1289 798 PRAEFEO'PURAE

647 827 847 887 TEMPORE
868 829 1022 890 FAC'l'lS.

319 1003 516 1056 Aronnononus
526 1007 633 1057 Pulonis
644 1009 945 1072 filins,cnninpretestsrs
954 1008 1032 1058 nsrsli
1041 1008 1177 1071 punitum
1186 1010 1384 1070 capusum

288 1083 447 1145 pressiusque
466 1099 491 1132 ss
507 1085 630 1144 gauisus,
645 1087 668 1134 ln
684 1087 766 1134 endem
785 1087 832 1134 elio
850 1102 894 1134 uon
909 1102 982 1149 perro
1000 1092 1104 1148 ternpore
1122 1084 1383 1148 99πῦϋῖΛὶθωίθῆ

288 1163 387 1226 Pol5ole
401 1178 446 1210 non
458 1163 535 1212 stetim
554 1165 584 1214 sd
602 1180 683 1213 nerem
700 1167 815 1226 prolecto.
847 1165 896 1223 Qui
912 1173 1035 1228 postquam
1050 1171 1217 1220 venerebeum
1236 1177 1319 1210 neren
1333 1178 1382 1210 non

287 1239 364 1287 suti·
376 1239 527 1301 suscepisset,
538 1241 580 1288 ssd
591 1241 721 1288 simulasset
733 1257 759 1290 ss
776 1243 887 1303 collegam
902 1258 968 1290 snum
980 1241 1084 1289 nsvnlsrn
1100 1247 1249 1303 exspectare,
1260 1247 1329 1300 etque
1345 1239 1384 1286 in·

286 1317 353 1365 tsrinr
366 1317 522 1380 Apollodorus
539 1318 591 1366 mvl
608 1318 749 1379 prelnissct,
766 1327 872 1379 sumptus
891 1334 919 1365 so
936 1326 1039 1383 ternpore
1050 1335 1064 1366 ι
1074 1334 1100 1367 se
1109 1321 1183 1367 lectos
1194 1332 1208 1364 s
1220 1316 1318 1378 Polysle
1337 1329 1383 1376 po·

287 1393 365 1442 stnlst.

634 1617 1028 1632 nn*

559 1849 1106 1934 DEMOSTHENIS
1189 1783 1196 1790 ·

327 2021 331 2028 1
454 2083 788 2159 ADVERSUS
835 2085 1183 2162 POLYOLEM

306 2308 491 2376 ORATIO
521 2308 586 2374 DE
619 2307 898 2374 SUMPTIBUS
930 2307 1098 2372 FINITO
1139 2307 1355 2379 NAVALIS

414 2405 764 2473 PRAEFEGTURAE
785 2405 1024 2472 TEMPORE
1049 2406 1232 2474 FACTIS.

323 2579 350 2638 l.
371 2579 507 2641 ‘librum
527 2580 799 2651 controversiarum,
817 2577 951 2653 ludices,
965 2599 1015 2640 eos
1034 2580 1122 2654 eu'nm
1137 2581 1188 2660 qui
1207 2592 1376 2645 coutrover-

279 2673 353 2734 siem
372 2675 516 2753 cognituri
538 2685 607 2734 sunt
629 2675 675 2735 vel
689 2674 719 2732 in
732 2673 832 2754 primis
845 2674 987 2733 rationem
1005 2673 1113 2734 bebere
1133 2675 1227 2734 dccet
1268 2675 1376 2756 Neque

279 2767 356 2827 enirn
370 2787 435 2829 mee
450 2778 480 2828 et
493 2768 623 2849 Polyclis
636 2768 750 2848 privetu
762 2767 906 2827 duntaxat
917 2765 982 2826 hoec
998 2786 1088 2827 censs
1102 2778 1159 2841 est,
1180 2769 1274 2828 sedet
1291 2787 1375 2830 com·

279 2860 373 2921 munis
393 2862 529 2922 civitatis.
572 2862 704 2930 Quarum
719 2859 797 2920 enirn
810 2879 904 2918 rerum
915 2872 948 2918 ut
960 2857 1081 2938 prirntse
1093 2871 1162 2919 sunt
1174 2861 1315 2932 actiones,
1330 2863 1374 2924 sic

278 2953 387 3014 demna
400 2955 529 3034 publice,
540 2973 588 3014 ees
603 2971 700 3012 nonne
710 2941 846 3010 convenit
856 2951 971 3011 auditas
985 2971 1003 3010 e
1016 2953 1100 3011 vobis
1112 2963 1193 3013 recte
1203 2954 1375 3034 dijudicari?

279 3045 355 3104 Nam
370 3045 395 3104 si
408 3056 526 3125 propter
539 3044 750 3104 dissensionem
765 3040 804 3100 de
824 3041 960 3120 quopiam
977 3042 1034 3102 ulio
1055 3054 1207 3106 contractu
1221 3045 1374 3127 Polycletn

277 3133 306 3192 in
329 3145 455 3194 vestrum
475 3135 618 3214 judicium
641 3132 837 3202 adduxissem,
860 3152 995 3194 inseres
1018 3143 1049 3194 et
1071 3134 1198 3217 Polyclis
1220 3151 1375 3218 ageretur:

276 3225 408 3286 nuncde
422 3227 518 3286 novali
532 3225 717 3286 successione
730 3227 819 3286 verba
828 3224 904 3284 fiunt
917 3237 948 3285 et
960 3227 1125 3306 sumptibus
1136 3231 1232 3310 sputio
1241 3232 1373 3311 quinque

275 3321 418 3379 mensium
429 3330 459 3380 et
472 3339 524 3380 sex
537 3319 647 3380 dierum
662 3321 745 3380 finito
759 3320 941 3400 prefectum
953 3331 1085 3402 tempore
1094 3325 1191 3398 sectis,
1203 3337 1234 3386 et
1246 3326 1284 3386 de
1299 3326 1375 3406 legi-

274 3414 340 3486 bus,
355 3424 450 3474 utrum
471 3435 514 3474 ese
534 3423 606 3474 mtoe
630 3414 689 3474 sint
707 3433 763 3474 nec
782 3433 830 3474 ne.
871 3412 1079 3476 Necessarium
1100 3429 1199 3477 eutem
1218 3418 1286 3477 mibi
1303 3438 1372 3482 esse

274 3505 389 3567 videtur
401 3507 438 3566 ab
451 3506 533 3567 initio
544 3525 605 3566 rem
614 3525 730 3566 omnem
741 3507 818 3587 apud
826 3525 879 3566 vos
889 3525 1051 3588 exponere:
1074 3528 1165 3588 quere
1175 3529 1227 3590 per
1237 3509 1307 3572 deos
1318 3531 1372 3574 ros

275 3621 337 3672 oro,
362 3599 494 3675 ludices,
507 3619 546 3661 ne
570 3619 617 3660 me
636 3599 746 3680 putetis
764 3618 858 3679 nugas
883 3619 980 3679 egere,
1003 3601 1026 3661 si
1050 3602 1190 3680 prolixius
1213 3621 1371 3666 nerrevero

274 3705 407 3775 sumptus
420 3705 451 3770 et
470 3705 548 3773 acts,
564 3715 652 3776 quam
666 3703 697 3754 et
709 3694 882 3773 tempestive
896 3692 1056 3773 singultiet
1068 3695 1178 3775 reipub.
1192 3682 1304 3758 utiliter
1316 3699 1371 3758 nd-

273 3775 440 3849 ministrstn'
451 3788 518 3848 sint.
560 3787 649 3856 Quod
667 3786 691 3848 si
703 3785 769 3865 quis
781 3785 896 3846 mentiri
909 3805 955 3845 me
965 3796 1064 3866 potest
1078 3788 1244 3862 ostendere,
1257 3803 1371 3871 surgat,

273 3890 360 3960 etque
372 3881 403 3940 in
416 3899 482 3940 mes
493 3897 571 3958 nque
583 3889 733 3958 coarguet,
743 3877 883 3957 quicquid
897 3895 945 3936 me
954 3877 1032 3938 falso
1046 3878 1126 3959 apud
1135 3899 1187 3940 vos
1202 3880 1301 3941 dicere
1313 3901 1371 3962 pn-

271 3974 350 4034 terit.
374 3974 426 4034 Sin
438 3993 508 4034 vere
520 3981 615 4045 erunt,
627 3981 657 4031 et
670 3989 757 4030 nemo
769 3969 839 4030 mibi
851 3967 906 4029 nisi
919 3969 975 4029 iste
987 3971 1178 4045 contradicet,
1188 3991 1249 4032 rem
1255 3975 1370 4054 justum

272 4075 343 4144 peto
357 4085 375 4128 u
389 4066 473 4128 vobis
486 4065 622 4127 omnibus
638 4063 804 4143 quicunque
817 4060 964 4122 militastis
977 4071 1065 4141 etque
1085 4062 1143 4123 illic
1157 4063 1291 4138 affuistis,
1306 4077 1369 4127 mm

270 4165 304 4216 ut
326 4157 381 4237 ipsi
401 4157 591 4219 recordemini
612 4167 674 4217 tum
697 4164 732 4214 ut
754 4154 858 4215 vestris
880 4156 1076 4217 assessoribus
1096 4159 1217 4217 nemetis
1237 4159 1369 4220 studium

270 4268 367 4310 meum
388 4262 418 4310 et
441 4271 478 4312 es
500 4272 566 4333 quse
582 4247 751 4332 reipublice
764 4247 822 4308 illis
838 4247 1016 4328 temporibus
1035 4249 1205 4311 acciderunt
1222 4263 1254 4312 et
1270 4272 1369 4315 rernm

270 4341 467 4413 difficultates,
483 4363 541 4421 quo
562 4343 630 4404 inde
650 4340 847 4423 cognoscetis,
862 4340 956 4419 qualis
975 4359 1032 4422 ego
1045 4342 1100 4404 situ
1114 4342 1248 4423 injussis
1261 4349 1369 4409 vestris

268 4435 481 4517 exsequendis:
502 4435 551 4514 qui
562 4445 659 4496 autem
673 4435 753 4497 domi
767 4434 927 4507 mansistis,
940 4434 1030 4498 tecite
1043 4455 1088 4498 me
1101 4446 1136 4497 ut
1149 4438 1275 4502 audistis
1286 4443 1368 4522 apud
