2967 5017
100 367 108 386 .
227 311 295 371 ott
397 301 403 310 ⁸
469 309 690 374 ADVERSUS
703 307 1066 374 reuomentem.

179 455 184 466 “
223 465 256 524 in
271 415 352 527 tdrra
365 469 416 544 jus
434 477 529 539 tuurn,
543 476 577 528 ut
594 467 702 540 anteri,
722 463 956 548 persequeberet
986 461 1066 532 Quid
1087 460 1182 520 multa
1201 409 1318 518 dicami

87 541 90 548 ⁴
219 555 307 615 -Nitit
319 551 364 618 his
378 556 473 618 uerbis
486 557 726 636 proficiebamus:
740 558 796 619 sed
808 559 987 617 frumentum
1001 555 1057 613 iate
1070 552 1125 612 sihi
1135 549 1319 612 vendicabat.

222 644 379 705 Educabat
398 667 465 707 eum
479 647 597 723 Protus,
618 651 651 709 ot
669 649 750 709 Proti
770 649 867 710 socius
882 648 1056 708 Phertatua:
1076 645 1131 704 iate
1151 661 1220 703 vero
1233 638 1319 699 educi

106 765 110 772 ·
223 753 256 794 ae
269 735 395 808 nolebat,
410 757 501 816 aequa
513 741 551 799 ab
564 739 626 800 ullo
640 740 779 802 eductum
797 740 831 798 iri
844 739 942 819 palam
954 738 1094 816 negabat,
1106 733 1163 794 nisi
1176 751 1233 811 ego
1245 729 1318 790 edu·

121 821 128 832 '
222 826 312 888 uisae.
353 827 501 890 Posthac
514 830 621 892 Protus
633 853 702 892 eum
715 843 747 892 et
758 850 813 892 nos
826 833 866 892 ad
879 831 1081 910 magistratum
1102 829 1319 906 Syracusanum

163 929 168 934 ·
223 919 464 994 provocabamus.
485 922 524 980 lis
537 923 764 996 conditionibus,
783 923 808 983 si
823 923 946 982 Protnm
965 922 1073 982 emisse
1084 919 1274 986 trumentum,
1288 923 1320 972 et

222 1009 376 1088 veengnia
394 1012 436 1070 illi
450 1031 517 1074 ease
529 1015 679 1094 inscripta,
690 1027 721 1075 et
733 1015 860 1095 pretinm
877 1015 960 1073 illum
972 1029 1148 1070 numerasse
1160 1016 1319 1076 coniuret,

222 1109 256 1158 ut
267 1100 324 1160 iate
337 1101 529 1180 improbitatis
542 1125 604 1162 suaa
617 1125 718 1180 poenas
731 1107 833 1163 daret:
846 1105 1006 1175 sinminna,
1016 1111 1089 1161 utet
1098 1109 1319 1159 controversum

222 1191 564 1269 frumentumreciperet,
576 1203 608 1250 ot
619 1191 762 1251 talantum
781 1193 903 1271 insuper
914 1195 1072 1268 acciperet,
1085 1209 1199 1268 nomae
1212 1189 1240 1248 ei
1257 1188 1319 1246 fru-

217 1289 322 1340 mento
334 1279 519 1340 caderemus.
562 1280 635 1340 Haec
648 1279 791 1342 offerente
802 1292 834 1341 et
847 1281 1003 1360 pollicente
1016 1281 1079 1354 illo,
1091 1280 1165 1340 nihil
1184 1279 1319 1358 proficie-

221 1372 343 1432 hamus:
365 1370 419 1430 aad
430 1389 468 1430 ea
479 1371 606 1432 dabatur
619 1372 710 1450 optio,
724 1382 759 1432 ut
767 1383 819 1432 aut
827 1373 915 1432 istum
927 1372 1129 1446 edoceremus,
1143 1381 1319 1432 autnostras

222 1479 336 1522 merces
350 1471 538 1522 munerantes
551 1472 713 1542 praesentes
723 1463 933 1524 amitteremus.
966 1464 1045 1523 Nam
1061 1464 1170 1524 Protua
1180 1461 1320 1522 testifica·

215 1555 308 1615 -batur
318 1573 350 1614 se
360 1555 495 1627 educere,
509 1555 622 1614 firmare
636 1555 734 1626 tidem,
749 1555 841 1616 redire
854 1556 930 1616 velle
943 1556 973 1614 in
987 1555 1126 1616 Siciliam.
1150 1554 1240 1622 Quod
1251 1571 1319 1613 cum

216 1646 286 1724 *ipse
298 1645 398 1718 vellat,
412 1646 437 1705 si
450 1645 572 1708 nosjati
590 1646 767 1706 frumentum
781 1647 1025 1719 concederemus,
1039 1647 1071 1706 id
1084 1647 1140 1706 sihi
1159 1663 1239 1704 curae
1258 1662 1319 1702 non

222 1737 295 1796 fore.
336 1736 433 1814 Atque
447 1737 512 1796 hoec
526 1756 602 1796 arne
614 1757 682 1818 vere
704 1737 768 1798 dici.
776 1757 872 1816 neque
883 1757 952 1797 eum
968 1737 1023 1797 niti
1036 1757 1056 1796 a
1067 1756 1115 1796 me
1135 1735 1224 1794 educi
1244 1734 1318 1794 veile

225 1817 397 1899 asseruisse,
412 1846 467 1888 nec
486 1848 553 1906 qnae
567 1825 594 1888 ei
608 1827 760 1888 offerretur
772 1829 810 1888 de
824 1829 918 1888 reditu
931 1829 962 1886 in
976 1827 1107 1886 Siciliam
1123 1825 1321 1888 conditionem

222 1919 427 1998 accepisse‚'at
438 1918 468 1977 in
487 1919 603 1996 navigio
621 1919 738 1980 tabulas
751 1919 925 1991 confecisse,
938 1928 973 1976 ut
987 1926 1116 1989 constet,
1128 1914 1220 1974 recita
1236 1916 1318 1976 teati-

219 2009 329 2070 nrouia.
568 2023 573 2032 ’

633 2152 901 2213 TESTIMONIA.
936 2151 942 2158 “

261 2286 292 2340 6.
313 2281 411 2349 Quum
434 2281 525 2360 igitur
544 2299 598 2340 nec
622 2282 709 2342 educi
729 2281 849 2343 vellete
868 2281 970 2354 Proto,
983 2299 1080 2358 neque
1095 2279 1137 2340 ad
1153 2279 1205 2358 jus
1220 2278 1317 2358 adipi-

223 2373 367 2434 acendum
378 2372 472 2432 redire
490 2373 520 2432 in
536 2371 675 2446 Siciliam,
689 2383 720 2432 ot
736 2372 868 2432 omnium
885 2370 1055 2451 Hegeatrati
1069 2369 1213 2431 scelernm
1226 2369 1317 2430 fuisse

220 2464 362 2542 praescius
375 2464 531 2536 videretur,
544 2465 688 2543 reliquum
701 2475 765 2524 erat
782 2465 867 2524 nohis
879 2465 931 2543 qui
948 2463 997 2523 hic
1010 2473 1193 2525 contractum
1204 2461 1317 2521 fecera-

216 2574 299 2629 mus,
313 2564 344 2615 et
359 2555 537 2614 frumentum
553 2557 591 2614 ab
614 2576 650 2615 eo
669 2557 719 2634 qui
736 2555 867 2634 legitime
887 2555 947 2616 illic
967 2565 1082 2616 amarat
1099 2569 1315 2632 receperamus,

219 2647 468 2714 istumeducere.
511 2647 591 2716 Quid
613 2637 690 2707 enim
712 2647 793 2708 aliud
817 2648 1001 2719 faceremus?
1031 2649 1137 2726 Neque
1160 2645 1238 2705 enim
1260 2644 1317 2706 hoc
1392 2657 1398 2669 ’

221 2741 375 2818 qnisquam
394 2761 411 2800 e
433 2749 535 2800 nostra
547 2739 687 2800 societate
704 2741 839 2819 putabat,
852 2754 905 2800 voa
917 2739 946 2800 ei
969 2740 1149 2798 trumentum
1164 2735 1317 2816 adjudica·

218 2840 313 2902 turos,
323 2831 402 2910 qnod
415 2832 476 2912 ipae
490 2831 712 2910 relinquendum
731 2841 869 2895 suaserat
882 2830 989 2899 naath,
1009 2839 1044 2887 ut
1056 2827 1165 2907 periret
1182 2826 1251 2887 naui
1264 2826 1317 2886 de·

220 2941 326 2984 mersa.
368 2923 455 2991 Quod
467 2925 513 2984 vel
527 2925 686 2986 maximum
700 2924 818 3002 signum
832 2932 888 2993 eat,
905 2920 936 2979 id
949 2919 1021 2977 nihil
1034 2919 1074 2979 ad
1093 2938 1160 2978 euna
1179 2918 1315 2978 attinere.

221 3015 296 3083 Quis
313 3016 390 3076 anim
402 3035 487 3076 snum
503 3017 680 3076 frumentum
698 3013 898 3073 deserendum
920 3011 1060 3072 suaderet
1079 3011 1115 3070 iis
1127 3011 1178 3089 qui
1197 3010 1229 3070 id
1242 3030 1316 3071 con·

219 3117 366 3167 servamur
385 3107 516 3166 vellent?
546 3107 619 3174 Quia
638 3125 699 3164 non
717 3106 887 3184 navigasset
899 3113 1024 3183 accepta
1036 3104 1204 3165 conditione
1216 3104 1248 3162 in
1269 3104 1316 3164 Si·

218 3197 325 3266 ciliam,
338 3198 390 3256 uhi
402 3216 449 3255 res
463 3195 574 3272 liquido
589 3197 705 3274 probari
719 3197 841 3272 posset?
870 3196 960 3272 Atqui
973 3215 1029 3260 nec
1047 3196 1088 3255 ita
1101 3196 1140 3254 de
1151 3196 1235 3256 achia
1249 3195 1315 3268 exi-

219 3289 336 3346 stimare
350 3299 490 3366 poteram,
505 3286 567 3346 sore
585 3296 620 3346 ut
638 3285 879 3364 pronunciarent,
892 3286 941 3346 isti
958 3285 997 3346 de
1014 3285 1060 3344 hia
1078 3289 1164 3348 rebus
1183 3289 1314 3350 dandam
1339 3347 1344 3352 .
1420 3349 1424 3354 .

219 3397 284 3438 osse
307 3379 462 3450 actionem,
475 3395 553 3454 quaa,
567 3397 604 3436 ne
623 3377 682 3436 huc
696 3377 935 3456 perveherentur,
947 3377 1011 3456 ipse
1023 3378 1129 3438 moitis
1137 3379 1231 3439 modis
1247 3391 1315 3440 stu·

219 3469 332 3529 duiaset
344 3469 506 3548 prohibere.
548 3467 678 3526 Primum
695 3467 851 3529 sufflando
863 3468 972 3539 nautia,
985 3478 1020 3528 ut
1033 3489 1085 3529 eas
1099 3470 1313 3549 relinquerent:

219 3561 335 3633 deinde,
360 3561 390 3620 in
414 3558 595 3639 Cephalania
611 3558 774 3618 laborando
794 3575 833 3619 ne
855 3560 939 3619 uada
955 3559 1015 3619 huc
1028 3559 1192 3620 veheretur.
1232 3562 1313 3630 Quid
1366 3611 1369 3616 .

208 3654 296 3712 -enirn
309 3652 370 3711 fieri
387 3651 500 3731 turpius
515 3659 567 3710 aut
583 3648 708 3728 iniquius
723 3660 823 3728 queat,
837 3669 936 3728 quain,
956 3668 1027 3709 cuna
1052 3651 1222 3729 Cephaleaii
1245 3673 1313 3731 pro-
1354 3689 1363 3700 ·

218 3743 393 3814 nunciarint,
409 3753 445 3800 ut
457 3739 681 3800 Atheniensium
705 3759 816 3800 merces
836 3741 996 3801 incolumes
1011 3751 1120 3812 essent,
1141 3741 1237 3801 nasim
1255 3743 1313 3803 huc

218 3832 444 3913 pervehendum,
465 3832 531 3891 ros'
545 3831 595 3909 qui
618 3830 681 3900 aitis
705 3830 898 3892 Athenienses
921 3850 958 3892 ea
977 3852 1043 3910 quae
1058 3831 1167 3892 civiarn
1186 3843 1256 3893 aunt
1277 3833 1312 3892 iia

215 3925 266 4002 qui
289 3927 476 4004 submergere
498 3923 596 3982 eonati
616 3933 687 3982 sunt
713 3923 847 3984 tradere?
874 3936 907 3984 et
933 3925 1078 4003 quasiste
1100 3945 1137 3985 ne
1159 3924 1219 3986 hnc
1245 3946 1311 4004 per-

217 4015 394 4075 veherentur
403 4025 534 4076 ascrtere
544 4014 663 4074 omnino
674 4014 798 4086 studuit,
805 4015 843 4074 de
854 4015 889 4074 iia
897 4015 968 4076 dare
980 4016 1028 4076 isti
1042 4016 1207 4078 actionem?
1219 4017 1314 4092 Absit,

213 4124 234 4164 o
253 4105 367 4184 Jupiter
381 4116 411 4167 at
422 4107 472 4169 dii.
514 4105 619 4170 Recita
632 4104 702 4165 mihi
714 4106 787 4184 quid
800 4107 975 4186 exceperim.

604 4330 607 4344 ,
657 4271 880 4346 EXCEPTIO.

219 4373 326 4436 Recita
345 4373 432 4436 etiam
446 4375 552 4454 legem.
