2967 5017
269 321 328 379 sss
549 293 769 381 novensos
790 321 1060 383 rrmorrrnuru.
1095 303 1105 312 ’

267 471 491 533 estAlcis'tbene
501 484 625 553 pretore
633 494 668 536 ea
677 475 715 536 de
725 495 826 548 causa,
834 477 914 554 quod
922 477 1034 538 interea
1045 476 1203 537 relaturum
1212 475 1278 536 enm
1289 495 1367 556 quas

270 569 393 647 petierat
402 570 517 648 putarit
529 583 631 649 pater:
653 583 807 650 postquam
820 582 917 632 autem
932 557 986 631 ist'e
994 573 1178 644 discesserat,
1190 571 1295 652 phitlis
1303 591 1367 632 non

269 659 377 732 relatis,
392 679 487 738 neque
513 661 619 739 phiale
640 660 835 722 Timosthenis
860 663 940 742 apud
963 649 1168 723 Phormionem
1188 665 1253 725 aitte
1271 677 1368 734 erant,

268 761 357 830 atque
368 753 392 810 is
407 751 564 812 adveniens
578 772 627 812 eas
641 755 802 832 repetebat,
820 764 925 814 tumet
945 755 1068 833 pretium
1083 755 1245 835 phialarum
1265 757 1368 817 ‘limo-

268 843 364 902 stheni
385 844 531 924 persolvit,
550 856 580 904 et
600 844 759 904 debitorem
778 847 864 904 istum
888 846 926 904 nd
948 847 1088 924 reliquum
1106 867 1148 905 aes
1168 847 1296 906 alienum
1318 851 1366 908 in·

269 934 395 1014 scripsit.
447 935 555 1004 Quare,
576 934 599 994 si
622 935 677 995 hac
698 935 870 996 defensione
892 937 1040 1011 abutetur,
1055 956 1087 996 se
1103 957 1161 996 non
1175 939 1266 998 fuisse
1282 939 1367 999 domi

268 1029 447 1108 temporibus
468 1029 535 1100 illis,
548 1049 615 1088 curn
639 1029 694 1088 sihi
712 1031 838 1109 pretium
855 1031 1014 1110 phialarum
1030 1051 1192 1111 expensum
1206 1034 1299 1093 latum
1314 1036 1366 1106 sit,

268 1120 310 1180 sic
324 1122 350 1179 ei
364 1121 549 1200 respondete,
574 1122 720 1201 Accepisti
744 1143 795 1182 eas
808 1143 876 1181 cum
894 1124 1027 1184 adesses:
1048 1134 1202 1203 postquam
1216 1145 1285 1185 vero
1303 1126 1365 1186 non

266 1217 573 1294 referebas—peregre
587 1217 662 1274 enim
678 1218 831 1287 aberas—,
846 1212 951 1296 phialre
965 1228 1071 1288 nutem,
1086 1236 1159 1295 quas
1175 1217 1303 1277 creditor
1316 1237 1366 1277 re·

267 1312 397 1388 petebat,
417 1328 476 1367 non
497 1308 628 1380 aderant,
650 1294 805 1386 inscriptus
828 1327 861 1366 es
882 1308 946 1388 ejus
967 1309 1052 1386 pretii
1072 1307 1196 1378 debitor,
1211 1309 1292 1387 quod
1307 1327 1363 1388 pro

266 1399 371 1479 phialis
385 1409 430 1459 est
444 1400 582 1459 solutum.
1055 1404 1059 1410 '

311 1495 358 1550 14.
381 1491 421 1550 At
442 1491 559 1551 hercule
582 1491 705 1550 fortasse
730 1489 819 1562 dicat,
841 1490 977 1549 debuisse
999 1501 1112 1570 patrem
1135 1512 1153 1550 a
1175 1511 1206 1551 se
1232 1502 1362 1572 repetere

266 1583 396 1662 phialas?
421 1584 481 1643 Sed
492 1594 520 1642 te
531 1584 649 1644 ridebat
659 1583 758 1661 inopia
769 1583 870 1662 premi.
904 1583 944 1640 Et
957 1603 1022 1642 cum
1033 1585 1071 1643 de
1081 1593 1187 1644 crebero
1197 1605 1255 1644 oere
1265 1585 1364 1644 alieno

266 1675 356 1734 fidem
381 1676 431 1734 tihi
451 1675 581 1745 heberet,
593 1686 624 1734 et
637 1685 755 1753 putaret
766 1694 798 1733 se
816 1673 846 1732 id
860 1694 878 1733 a
890 1683 920 1732 te
935 1693 1051 1733 reverso
1065 1685 1096 1734 et
1117 1675 1215 1754 locupl
1232 1686 1312 1735 stato
1321 1696 1368 1736 re·

266 1777 431 1846 cepturum,
445 1769 482 1828 de
493 1766 597 1847 phialis
611 1766 661 1826 tihi
676 1767 791 1825 diffisus
805 1775 883 1824 esset
897 1765 1027 1825 scilicet?
1048 1768 1158 1838 Quum,
1167 1777 1306 1844 precante
1319 1780 1361 1838 te,

225 1872 228 1884 ·
265 1877 333 1918 cum
356 1859 394 1918 ad
411 1877 510 1937 regem
523 1859 758 1939 proficiscereris,
771 1876 803 1916 se
818 1855 937 1915 naulum
950 1856 1094 1934 lignorum
1116 1857 1277 1917 soluturum
1298 1859 1363 1937 pol-

265 1949 419 2010 liceretur:
441 1951 478 2008 de
492 1949 597 2028 phialis
617 1949 731 2008 duabus
753 1947 842 2006 fidem
862 1947 914 2005 tihi
932 1966 991 2005 non
1004 1947 1174 2008 habuisset?
1194 1969 1283 2028 quum
1297 1951 1364 2010 reli·

264 2061 354 2120 quum
369 2041 499 2100 debitum
520 2061 538 2100 a
558 2051 588 2098 te
610 2057 669 2098 non
688 2048 866 2117 reposceret,
880 2050 1012 2117 respectu
1032 2039 1139 2118 inopiae
1162 2051 1233 2121 tuae,
1248 2042 1363 2122 phialas

262 2133 514 2214 repoposcissetih

260 2249 265 2256 ·
308 2227 356 2285 15.
378 2227 444 2286 Janr
461 2247 528 2287 vero
548 2227 630 2286 vobis
645 2225 732 2284 etiam
748 2224 785 2282 de
796 2223 894 2282 delato
903 2222 1094 2302 jurejurando
1114 2222 1221 2296 dicam,
1233 2229 1314 2305 quod
1333 2240 1365 2288 et

265 2319 313 2381 isti
337 2339 392 2398 ego
416 2319 661 2398 pollicitus-sum,
682 2327 712 2375 et
735 2316 789 2374 iste
806 2314 885 2372 mihi.
926 2313 978 2372 Me
1004 2315 1080 2372 enim
1098 2314 1309 2396 jusjurandum
1333 2321 1362 2378 in

262 2413 399 2473 'echinum
413 2411 594 2490 conjiciente,
610 2409 778 2488 postulabat
789 2416 820 2465 et
832 2404 896 2484 ipse
907 2404 977 2464 dato
986 2403 1176 2486 jurejurando
1189 2425 1222 2465 se
1235 2406 1364 2470 liberari.

266 2505 333 2582 Ego
354 2523 431 2576 vero,
446 2503 501 2562 nisi
523 2515 602 2563 certo
622 2503 741 2562 scissem
763 2508 876 2560 sumet
896 2498 1059 2558 ciuitatibus
1073 2511 1103 2559 et
1116 2499 1283 2560 bominibus
1303 2503 1363 2582 pri-
1462 2522 1467 2537 ·

262 2597 338 2656 votis
352 2606 381 2655 et
395 2615 472 2674 scepe
488 2608 517 2656 et
531 2588 645 2674 magnis
659 2595 688 2653 in
704 2594 791 2654 rebus
804 2593 902 2655 datam
916 2591 1055 2652 fefellisse
1073 2591 1171 2665 fidem,
1190 2593 1361 2656 detulissem

262 2689 291 2747 ei
304 2705 373 2748 sane
386 2687 415 2746 id
426 2687 651 2768 jusjurandum:
680 2707 768 2757 nunc,
783 2679 850 2746 c'um
863 2695 954 2745 testes
967 2682 1037 2742 mihi
1059 2684 1128 2756 sint,
1148 2686 1300 2764 accepisse
1313 2707 1361 2747 ar·

263 2793 384 2862 gentum
410 2802 429 2842 a
453 2802 555 2843 mensu
577 2802 640 2852 eos,
663 2782 769 2860 quihus
791 2777 846 2838 iste
866 2777 897 2837 id
920 2776 982 2836 dari
1001 2777 1138 2857 jusserat,
1159 2779 1360 2858 praetereaque

160 2927 170 2952 ,
261 2874 385 2934 illustria
402 2884 585 2954 arguments,
599 2891 657 2932 non
678 2869 917 2933 committendum
931 2868 1092 2940 videbatur,
1111 2880 1145 2927 ut
1164 2871 1191 2928 ei
1208 2869 1358 2949 jusjuran-

263 2966 332 3026 dum
358 2967 511 3036 deferrem,
537 2965 587 3044 qui
605 2962 800 3043 jurisjurandi
819 2959 959 3037 religione
981 2961 1053 3038 quid
1077 2971 1251 3032 moreretur,
1264 2981 1356 3040 quum

262 3077 318 3118 nec
331 3060 368 3118 ab
386 3059 443 3118 aris
457 3059 525 3136 ipsis
539 3075 598 3134 prae
612 3055 731 3113 avaritia
749 3070 851 3110 manus
871 3051 1063 3112 abstinuerit?
1092 3052 1136 3110 Ac
1150 3051 1241 3121 multa
1255 3053 1358 3132 singu-

255 3147 342 3224 latim
358 3149 456 3207 referri
471 3155 601 3226 possent,
615 3145 720 3222 quihus
739 3143 769 3202 in
790 3144 876 3226 rebus
900 3154 1010 3204 temere
1032 3145 1184 3223 pejerarit:
1206 3165 1273 3223 qure
1287 3165 1357 3206 sero

263 3241 328 3315 ejus
351 3237 478 3318 perjuria
501 3248 531 3296 et
548 3236 764 3296 euidentissima
784 3246 816 3295 et
828 3237 911 3296 vobis
929 3238 1016 3295 etiam
1034 3255 1095 3294 non
1112 3236 1214 3316 ignota
1227 3250 1307 3313 sunt,
1319 3256 1357 3299 es

260 3329 344 3388 vohis
358 3330 387 3388 in
400 3330 567 3388 memoriam
581 3330 721 3408 redigam.
764 3327 941 3388 Meministis
963 3329 1050 3387 istum
1073 3344 1137 3407 pro·
1148 3330 1290 3390 concione
1304 3336 1356 3407 ju·

260 3439 341 3482 rasse
355 3432 385 3480 et
398 3421 586 3501 imprecatum
607 3422 660 3489 sibi
674 3421 913 3491 internecionem,
927 3419 982 3479 nisi
1004 3421 1178 3499 iphicratcm
1199 3424 1356 3502 peregrini·

186 3537 189 3548 ·
258 3515 328 3574 tatis
343 3525 503 3582 accusaret,
518 3523 549 3571 et
560 3515 629 3572 suas
648 3513 805 3573 facultates
818 3518 1029 3572 consecrasset
1056 3533 1124 3592 quae
1147 3533 1214 3571 cum
1228 3514 1357 3593 jurasset

259 3616 292 3667 et
304 3624 356 3686 pro
366 3607 504 3664 concione
518 3605 705 3684 promisisset,
715 3607 782 3683 {non
799 3604 891 3682 longo
903 3614 1036 3683 tempore
1053 3613 1130 3682 post,
1144 3605 1265 3682 privatas
1277 3606 1356 3666 utili·

257 3701 327 3759 tatis
341 3717 441 3766 causa,
456 3715 539 3756 suam
553 3696 641 3756 filiam
655 3695 731 3756 illius
744 3696 805 3756 filio
817 3696 982 3777 despondit.
1023 3696 1081 3764 Qui
1094 3695 1183 3774 igitur
1192 3717 1290 3776 neque
1301 3718 1356 3758 uos

257 3793 367 3851 veritus
386 3799 432 3850 est
453 3788 644 3870 pollicitando
655 3789 800 3868 decipere,
814 3809 880 3848 cum
895 3790 976 3867 leges
990 3807 1058 3847 eum
1073 3789 1122 3867 qui
1137 3788 1167 3847 id
1180 3788 1284 3849 fecerit
1301 3811 1363 3869 pu-.

257 3883 334 3943 hlice
347 3881 450 3962 capitis
465 3883 597 3942 accusari
607 3881 743 3960 jubeant,
756 3901 850 3960 neque
872 3881 944 3940 deos
965 3881 1153 3953 immortales,
1166 3901 1288 3961 quonum
1309 3883 1356 3942 in·

257 3985 362 4036 vocato
386 3974 505 4034 numine
526 3973 596 4032 diris
618 3983 706 4052 caput
725 3993 809 4032 suum
827 3974 945 4033 devovit
958 3991 1018 4050 quo
1032 3973 1127 4033 minus
1141 3975 1294 4054 pejeraret,
1307 3995 1355 4034 re·

151 4062 156 4070 ’
258 4064 432 4137 formidavit,
454 4067 481 4125 ei
494 4085 540 4124 me
554 4065 684 4124 noluisse
703 4065 814 4124 deferre
831 4066 1039 4145 jusjurandum
1057 4077 1141 4128 estne
1154 4069 1224 4128 vitio
1238 4080 1355 4129 verten-

258 4153 350 4214 dumf
371 4155 476 4236 Neque
490 4157 577 4217 etiam
594 4157 645 4217 diu
666 4169 722 4229 est,
737 4177 803 4216 cum
817 4177 919 4217 rursus
938 4178 990 4238 pro
1003 4161 1276 4234 concionejuravit,
1300 4157 1354 4222 sihi

258 4247 403 4306 nonsatis
417 4268 481 4308 esse
495 4249 669 4310 facultatum
684 4249 721 4311 ad
736 4250 977 4311 sustentationem
990 4252 1165 4325 senectutis,
1173 4273 1241 4313 cunr
1256 4265 1353 4316 tantas

256 4357 328 4418 opes
342 4339 502 4416 possideat.
529 4343 532 4348 ’
543 4343 628 4402 Adeo
640 4342 807 4421 inexplebili
823 4353 854 4402 et
866 4343 986 4404 sordido
1000 4356 1047 4404 est
1059 4347 1187 4424 ingenio.

302 4432 348 4504 16,
370 4429 434 4509 Ego
453 4453 522 4493 vero
540 4455 556 4493 e
575 4435 656 4495 robis
674 4455 802 4515 querere
822 4429 920 4510 velim,
934 4438 1075 4517 numquid
1088 4439 1252 4500 irascamini
1269 4461 1353 4501 rnen·
