2967 5017
271 300 326 360 118
639 296 683 356 ΙΝ
705 295 1043 359 CTESlPHONTEM.

266 461 395 512 temtum
408 449 497 523 ludis,
511 471 572 512 non
585 451 697 514 musico
706 462 821 512 tontum
829 454 955 532 juvenes
968 451 1087 525 erudiri,
1101 450 1155 512 sed
1168 450 1262 510 multo
1275 449 1376 512 etiem

266 542 360 622 msgis
378 542 505 622 publicis
516 543 679 624 preconiis.
713 543 895 604 Praedicstur
909 544 1012 622 aliquis
1027 545 1059 603 in
1072 543 1196 613 theatro,
1210 542 1294 621 quod
1314 562 1378 602 co-

199 703 224 722 1,
265 653 338 694 rone
355 637 482 696 donatur
501 636 614 696 virtutis
630 655 702 716 ergo
723 655 759 696 sc
779 636 960 696 fortitudinis
977 645 1009 696 et
1030 634 1253 706 benevolentia,
1277 634 1376 694 boum

172 782 176 791 .
265 727 328 787 sits
339 729 530 789 immodestus
549 739 638 808 atque
652 729 892 790 contaminatus?
913 729 1100 790 Adolescens
1120 729 1200 790 bisce
1215 728 1287 788 risis
1301 747 1374 788 cor·

265 821 418 898 rumpitur.
438 821 545 882 Poenss
556 821 641 882 dedit
652 821 803 901 improbus
817 821 920 902 aliquis
931 834 962 882 et
975 823 1005 882 in
1020 823 1165 884 lenocinio
1178 833 1326 894 versutus,
1338 831 1378 880 nt

266 911 451 991 Ctesiphoni
472 914 580 976 Ceteri
601 914 784 974 erudiuntur.
825 914 977 976 Scitumne
1000 915 1107 994 aliquis
1127 915 1251 976 honesto
1277 925 1376 992 etque

266 1022 351 1082 inquo
364 1004 520 1066 adversum
534 1007 610 1077 tulit,
625 1006 694 1066 inde
707 1005 826 1064 domum
840 1025 975 1064 reversus
989 1006 1080 1064 tilium
1095 1005 1247 1065 instituere
1260 1024 1377 1084 eggre-

266 1095 364 1155 diturl
386 1098 431 1155 At
442 1096 469 1156 is
478 1097 544 1176 jure
558 1117 619 1156 non
631 1096 797 1162 suscultst;
819 1113 938 1154 monere
950 1096 1026 1154 enim
1041 1106 1072 1154 et
1084 1097 1252 1174 precipere,
1261 1098 1374 1156 merito

268 1186 317 1248 bic
339 1187 501 1248 obtundere
520 1187 695 1246 nominatur.
717 1186 865 1254 Quocirca
887 1203 947 1246 non
970 1186 1064 1246 solum
1086 1187 1171 1264 qussi
1189 1187 1372 1265 judicante,

268 1279 322 1341 sed
335 1279 419 1358 qussi
432 1280 561 1339 omnium
575 1278 669 1338 oculis
688 1279 845 1352 observati,
858 1279 901 1338 its
914 1280 1090 1339 sententiam
1104 1279 1189 1354 iente,
1201 1291 1237 1340 ut
1249 1279 1286 1340 iis
1299 1282 1375 1342 ciri·

268 1373 326 1432 bus
339 1372 483 1432 rationem
496 1370 619 1434 reddere
632 1369 753 1451 possitis
763 1371 813 1450 qui
827 1387 906 1432 nunc
915 1371 1033 1451 quidem
1043 1389 1103 1431 non
1117 1371 1237 1442 ιάιιιιιι,
1246 1374 1302 1432 sed
1314 1393 1371 1435 roe

268 1465 341 1546 quid
349 1464 551 1550 judicaveritis
564 1464 796 1542 interrogabunt.
825 1463 921 1524 Probe
942 1466 1019 1524 enim
1042 1465 1145 1536 nostis,
1159 1464 1371 1540 Athenienses,

267 1559 357 1618 telem
372 1557 466 1618 risum
486 1556 521 1616 iri
543 1556 702 1628 civitstem,
715 1554 812 1633 quslis
827 1564 874 1615 est
896 1555 944 1615 ille
966 1555 1005 1616 de
1029 1574 1089 1636 quo
1112 1555 1147 1616 fit
1165 1557 1371 1634 preconium:

267 1647 351 1732 etqui
364 1648 563 1728 turpissimum
574 1648 623 1720 sit,
636 1668 690 1708 vos
701 1667 761 1708 non
774 1667 842 1710 cum
856 1647 1012 1728 mojoribus
1032 1647 1135 1708 restris
1154 1648 1207 1708 sed
1220 1669 1290 1709 cum
1305 1651 1373 1712 De-

267 1741 559 1820 mosthenisignsvie
570 1741 746 1820 comparari.

310 1837 362 1894 92.
383 1837 521 1901 Quonam
533 1834 621 1914 igitur
642 1834 732 1918 modp
751 1833 920 1914 hujusmodi
933 1833 1063 1896 dedecus
1085 1832 1187 1894 evitari
1199 1832 1317 1914 possiti
1338 1834 1372 1894 Si

270 1945 323 1988 eos
337 1926 451 1988 scilicet
468 1925 519 2007 qui
542 1926 661 1986 nomina
672 1926 827 2006 populeris
846 1938 877 1986 et
893 1926 1083 1986 humanitatis
1106 1923 1196 2006 plens
1216 1943 1370 2006 preoccu-

269 2031 352 2100 pent,
359 2019 488 2080 moribus
501 2028 600 2080 sutem
614 2029 682 2078 sum
694 2019 787 2089 infidi,
802 2019 942 2080 caventis.
964 2016 1257 2080 Benevolentiseuim
1272 2029 1304 2078 et
1315 2037 1370 2098 po-

247 2175 254 2189 ,
269 2110 380 2191 pulcris
393 2121 488 2172 etstus
503 2131 610 2172 nomen
623 2112 655 2176 in
670 2111 768 2172 medio
787 2111 885 2191 posits
908 2120 993 2179 sunt;
1015 2131 1116 2170 serum
1135 2131 1170 2171 es
1187 2111 1285 2171 verbis
1307 2112 1369 2191 ple-

268 2223 392 2284 rumque
404 2213 474 2264 sote
496 2203 571 2266 elios
591 2205 818 2284 occupantem
840 2205 928 2266 iactis
949 2202 1120 2282 longissime
1140 2204 1178 2262 ab
1192 2203 1226 2264 iis
1246 2203 1369 2264 distent.

269 2295 376 2375 lteque
387 2315 456 2358 cum
474 2306 620 2357 oratorem
636 2297 716 2358 nacti
735 2295 849 2357 fueritis
864 2315 1037 2358 coronarum
1051 2307 1236 2356 externorum
1250 2305 1281 2356 et
1293 2314 1370 2374 pres·

270 2389 423 2448 conionum
432 2389 512 2466 opud
522 2389 646 2448 Grecos
659 2388 861 2448 ssciendorunr
873 2387 1025 2467 cupidum,
1039 2407 1179 2448 revocare
1192 2407 1258 2448 eum
1265 2387 1370 2465 jubete

243 2551 246 2558 1
270 2481 424 2540 uerborum
438 2480 625 2560 probationes
633 2481 915 2559 praemiorumque,
925 2479 1003 2540 sicut
1011 2480 1094 2558 leges
1104 2481 1219 2560 jubent,
1230 2479 1266 2540 ed
1280 2479 1371 2540 vitem

270 2569 449 2632 laudabilem
460 2583 492 2630 et
512 2589 610 2630 mores
628 2570 801 2630 modestos:
822 2573 870 2631 cui
892 2588 961 2630 vero
983 2571 1048 2630 baec
1063 2573 1230 2632 testimonis
1249 2572 1370 2642 desunt,

268 2662 297 2724 ei
310 2681 379 2724 suus
392 2661 496 2722 laudes
510 2660 700 2721 constabilire
713 2662 813 2720 nolite.
837 2661 882 2720 lte
892 2662 970 2720 enlm
983 2660 1135 2738 popularis
1145 2663 1257 2738 imperii
1267 2681 1371 2722 curum

269 2754 426 2825 babebitis,
439 2754 523 2814 vobis
541 2752 602 2830 jam
616 2751 755 2829 peuletim
773 2750 811 2810 de
825 2749 959 2808 msnibus
974 2749 1126 2810 elabentis.
1174 2753 1254 2817 Quid
1269 2754 1372 2814 enim?

267 2867 329 2908 noo
340 2844 495 2923 indignum
510 2842 593 2902 vobis
607 2841 732 2912 ridetur,
747 2849 880 2902 senatum
895 2840 1097 2920 populumque
1113 2851 1233 2902 codrum
1246 2843 1371 2924 despici,

268 2939 369 3000 literss
381 2947 480 2996 sutem
496 2954 532 2996 nc
544 2933 708 3012 legetiooss
722 2933 751 2990 in
765 2931 893 3012 privatas
907 2933 1012 2994 domos
1026 2935 1190 3012 pervenire,
1205 2955 1264 2996 non
1282 2955 1333 2996 ees
1352 2958 1371 2998 s

268 3029 437 3109 vulgaribus
460 3027 580 3106 quidem
598 3025 765 3085 bominibus
781 3025 885 3086 missas
907 3025 959 3084 sed
974 3025 1010 3084 sb
1028 3024 1063 3086 iis
1076 3026 1127 3104 qui
1146 3026 1178 3086 in
1195 3027 1267 3088 Asis
1281 3039 1370 3108 stque

269 3124 390 3200 Europe
401 3120 599 3199 principatum
612 3117 767 3178 obtinenti
798 3117 837 3175 Et
858 3117 963 3195 quibus
983 3116 1162 3178 facinoribus
1181 3120 1307 3199 capitale
1324 3120 1370 3182 le·

268 3216 354 3292 gibus
368 3211 543 3290 supplicium
566 3211 757 3270 constitutum
780 3218 835 3280 est,
859 3227 895 3268 ea
909 3228 941 3268 se
962 3210 1096 3269 nonnulli
1112 3211 1294 3272 committere
1308 3233 1371 3274 non

267 3305 442 3374 inficientur,
456 3301 622 3380 sedpslem
634 3300 714 3378 opud
726 3301 868 3380 populum
878 3300 1066 3374 confitentur,
1082 3313 1112 3362 et
1130 3302 1230 3364 literas
1243 3304 1319 3366 inter
1333 3327 1370 3368 se

267 3393 625 3470 conferuntrecitentque,
640 3403 728 3471 utque
742 3393 792 3454 elii
805 3413 857 3454 vos
876 3394 1029 3454 hortentur
1043 3403 1077 3454 ut
1090 3393 1119 3454 in
1134 3413 1185 3455 oro
1198 3415 1263 3469 sue,
1281 3398 1369 3475 qussi

267 3488 419 3572 popularis
427 3486 538 3566 imperii
558 3486 618 3547 sint
628 3486 780 3558 custodes,
792 3485 895 3548 oculos
909 3485 1019 3566 figatis,
1032 3485 1082 3546 alii
1096 3487 1217 3565 prensis
1230 3499 1369 3568 poscunt,

268 3593 409 3662 tanquam
430 3580 556 3660 publices
562 3577 674 3650 salutis
687 3589 927 3640 conservatores:
949 3577 1077 3658 populus
1090 3589 1189 3666 eutero
1202 3581 1240 3641 ob
1251 3598 1369 3658 esque

175 3733 179 3741 ,
268 3675 442 3736 ecciderunt
454 3673 551 3734 animo
562 3672 684 3742 tractus,
698 3672 784 3750 qussi
802 3672 884 3732 senio
902 3669 1058 3730 consectus
1073 3681 1125 3731 eut
1141 3671 1244 3733 delirio
1259 3681 1367 3751 ceptus
1462 3685 1463 3703 ²

204 3820 211 3834 ,
269 3767 318 3850 sit,
335 3785 442 3826 nomen
455 3765 551 3825 solum
565 3763 771 3824 dominationis
784 3763 936 3843 populeris
949 3763 1061 3836 retinet,
1080 3783 1126 3824 res
1146 3765 1264 3843 quidem
1283 3765 1367 3843 ipses

269 3858 500 3920 nliisconcessit.
522 3856 640 3916 Deinde
650 3875 688 3917 ex
697 3855 889 3916 concionibus
900 3855 1061 3928 disceditis,
1072 3875 1132 3916 non
1142 3868 1175 3918 ut
1184 3857 1235 3935 qui
1245 3857 1367 3918 consul-
1461 3929 1462 3942 1

268 3951 371 4023 teritis,
385 3950 441 4012 sed
450 3949 541 4010 veluti
554 3969 592 4010 ex
605 3968 693 4010 coeno
705 3949 846 4010 collatitio
859 3947 1030 4027 fragmentis
1044 3967 1111 4027 quoe
1132 3958 1293 4030 supersunt
1305 3948 1366 4010 dis·

157 4037 163 4045 ’
268 4043 392 4105 tributis.
419 4043 462 4102 Ut
474 4052 573 4102 sutem
586 4059 647 4102 non
663 4042 763 4104 inanis
775 4062 822 4104 me
834 4040 947 4102 effutire
961 4051 1088 4116 constet,
1104 4041 1134 4102 id
1150 4040 1228 4122 quod
1248 4041 1315 4102 dico
1327 4061 1366 4102 ex
1450 4083 1455 4092 -

267 4135 314 4195 his
332 4135 527 4197 considerate.

307 4231 358 4288 98.
379 4229 448 4288 Fuit
465 4228 664 4308 bic-magno
677 4228 812 4308 equidem
826 4230 1005 4291 cumdolore
1019 4225 1151 4287 miserias
1164 4225 1290 4286 ciuitatis
1309 4243 1364 4286 ιω-
1460 4303 1461 4315 ¹

268 4319 335 4400 pius
346 4320 625 4381 commemoro-sir
637 4320 757 4400 quidem
770 4320 911 4400 privatus,
928 4322 980 4400 qui
992 4320 1033 4380 sd
1047 4319 1169 4380 Samum
1182 4326 1297 4378 tentum
1310 4336 1364 4378 ne·

266 4410 365 4490 rigere
382 4421 703 4507 claromontanorum
725 4411 855 4491 proditor
875 4410 978 4493 patrie
1001 4429 1037 4472 eo
1058 4413 1124 4488 ipso
1143 4407 1233 4506 dies
1253 4407 1363 4468 Senstu
