2967 5017
456 366 610 433 canno
632 368 864 435 nnnronts.
1007 424 1010 429 .
1141 374 1201 464 soe

110 519 223 593 tbeum,
232 541 292 584 non
304 522 339 585 iis
349 526 438 587 rebus
449 527 554 606 quibus
567 529 738 589 adolescens
752 530 873 599 studuit,
888 526 942 589 sed
953 536 1072 608 propter
1083 546 1120 589 ea
1132 549 1201 610 quse

107 623 183 691 post
204 614 415 678 institutionem
429 618 687 700 laceretisgenit,
699 630 730 681 et
741 638 886 681 summam
903 619 1024 701 gloriam
1036 630 1067 679 et
1079 621 1199 700 amplis·

106 704 201 767 simos
211 706 345 771 'bonores
356 710 462 771 'merito
477 730 541 773 esse
560 704 752 773 consecutum
766 730 942 792 cognosccat
952 721 1024 772 -tnm
1037 711 1197 791 Archytam

106 797 163 877 qui
176 798 361 862 Tarentinam
373 804 590 883 rempublicam,
604 824 718 866 summa
729 823 827 864 rerum
840 804 880 863 ad
891 804 986 883 ipsum
996 803 1105 877 delata,
1123 805 1208 867 adeo-

103 890 252 967 proeclare
265 902 296 955 et
308 882 471 957 inmaniter
491 896 712 967 administrarit,
732 891 770 956 ut-
785 895 851 975 ejus
867 914 976 955 nomen
997 895 1077 973 apud
1097 915 1200 959 omnes

104 980 293 1043 celebretur:
313 984 338 1046 is
361 986 449 1065 igimr
469 1006 537 1047 cum
559 997 743 1067 sperneretur
767 985 858 1057 nitio,
873 1005 890 1048 e
908 986 1040 1047 Platonis
1060 1006 1200 1066 congre*

103 1064 192 1133 sibus
210 1083 322 1136 tantam
341 1078 543 1139 auctoritatem
562 1088 609 1139 est
627 1078 762 1158 adeptus.
804 1077 910 1159 Neque
927 1078 1032 1139 borum
1044 1078 1199 1159 ςιιίοᾳυαω

103 1163 173 1222 aine
193 1165 304 1228 ratione
326 1168 436 1228 factum
460 1180 526 1230 eet:
547 1170 605 1229 imo
625 1170 714 1249 longe
735 1178 817 1230 esset
835 1171 999 1242 absurdius,
1011 1171 1037 1231 ai
1051 1169 1090 1233 ad
1109 1190 1201 1252 parva

105 1255 244 1333 quendam
256 1256 433 1339 perficienda
446 1262 532 1321 nobis
545 1261 613 1321 artis
630 1271 718 1341 atque
731 1261 942 1323 exercitationis
955 1282 1028 1343 opus
1048 1273 1127 1327 esset
1145 1265 1199 1326 ad·

99 1346 254 1425 jumentis,
272 1370 321 1411 res
342 1372 412 1413 vero
429 1354 560 1413 maximae
578 1352 688 1415 nnllam
708 1363 811 1426 artem,
829 1352 943 1414 nullum
953 1354 1122 1434 hujusmodi
1135 1370 1198 1419 stu·

106 1436 187 1499 dium
201 1444 392 1519 postularent.
434 1445 529 1505 Aede
541 1445 587 1506 bis
600 1445 717 1525 quidem
732 1445 818 1525 plura
827 1445 923 1508 dicere
936 1466 997 1507 non
1010 1447 1097 1507 rideo
1109 1468 1197 1527 qnor-

104 1550 173 1594 sum
186 1538 319 1597 attineat.
360 1537 466 1619 Neque
483 1540 560 1599 enim
575 1538 656 1600 initio
673 1540 759 1599 sicin
779 1538 856 1599 banc
870 1537 1047 1599 mentionem
1069 1557 1135 1598 sum
1150 1536 1196 1597 in·

103 1646 225 1705 gressus
238 1629 321 1707 quasi
335 1637 367 1688 tu
380 1649 416 1690 ea
426 1649 546 1709 prorsus
560 1634 728 1711 ignorares:
750 1630 805 1691 sed
828 1632 916 1708 hujus
938 1628 1047 1709 gereris
1060 1628 1196 1690 exhorta-

101 1716 233 1779 tionibus
247 1719 365 1801 ignaros
379 1722 508 1795 excitari,
523 1724 651 1783 scientes
663 1722 846 1796 inflammari,
859 1723 1009 1802 putabam.

147 1811 196 1868 13.
219 1808 266 1869 Ne
286 1830 353 1871 sero
366 1822 453 1892 putes
472 1833 530 1887 me,
544 1812 624 1893 quod
646 1804 702 1873 ista
715 1812 849 1886 dixerim,
862 1813 900 1873 de
920 1831 967 1874 me
990 1812 1121 1893 polliceri
1143 1814 1195 1875 tibi

102 1902 268 1964 doctrinam
281 1902 383 1963 barum
397 1924 501 1965 rernm.
544 1905 699 1967 Nec'enim
714 1925 761 1967 me
774 1906 858 1967 fateri
871 1906 972 1985 pudet,
987 1905 1043 1985 ipsi
1062 1906 1132 1967 mibi
1144 1908 1197 1967 ad·

101 1992 164 2054 huc
177 1995 270 2056 multa
282 2016 348 2057 esse
362 1996 514 2073 discenda,
529 2008 616 2079 atque
629 1998 728 2078 ipsum
741 1998 885 2079 rempubl.
895 1998 984 2058 malle
994 2016 1095 2077 gerere
1106 2017 1195 2077 quam

103 2086 169 2148 aliis
190 2105 256 2150 eam
279 2088 442 2153 doctrinam
465 2092 597 2153 tradere:
619 2111 716 2171 neque
737 2092 808 2152 brec
824 2091 867 2152 sic
889 2091 983 2170 accipi
1002 2090 1086 2151 velim
1110 2090 1195 2169 quasi

104 2199 243 2261 aspernor
259 2201 336 2257 eam,
348 2204 415 2264 quse
430 2184 579 2265 sapienties
592 2195 623 2245 et
635 2184 811 2265 eloquentiae
821 2182 964 2263 magistris
976 2183 1126 2262 proposita
1138 2192 1194 2255 est,

102 2271 236 2349 gloriam,
250 2272 303 2333 sed
316 2275 385 2352 quia
398 2274 429 2337 id
442 2274 522 2355 quod
543 2276 611 2336 dico
623 2295 723 2335 verum
742 2284 799 2335 est.
841 2273 909 2333 Scio
931 2272 1009 2332 enim
1027 2272 1137 2332 multos
1157 2292 1195 2331 ex

102 2364 233 2423 obscuris
254 2374 285 2423 et
305 2366 479 2446 contemptis
493 2385 546 2445 per
560 2386 623 2427 eam
640 2366 850 2445 professionem
863 2363 992 2423 illustres
1005 2383 1069 2424 esee
1087 2364 1193 2436 factos,

102 2472 139 2514 ac
152 2452 289 2516 Stilonem
303 2467 334 2515 et
346 2458 491 2517 viventem
509 2468 541 2517 et
563 2468 710 2519 mortuum
731 2459 858 2518 maxima
878 2456 970 2536 gloria
989 2454 1133 2528 floruisse,
1145 2457 1194 2517 cui

101 2544 205 2626 reliqui
229 2546 354 2607 honores
374 2550 473 2625 negati
494 2568 552 2609 non
572 2549 713 2609 fuerunt:
731 2568 800 2610 nam
820 2560 851 2610 et
870 2549 1045 2611 fortitudinis
1058 2570 1120 2611 sua
1133 2560 1193 2611 trc-

102 2656 200 2716 pmnm
215 2639 390 2715 Megarensc
403 2638 612 2698 monimentum
625 2639 753 2719 reliquit,'
764 2636 920 2701 et'consitii
935 2639 1090 2700 Salaminis
1107 2662 1192 2701 recu·

100 2730 290 2809 perationem,
303 2739 333 2788 et
343 2730 455 2789 caeteris
468 2731 499 2790 in
512 2732 598 2791 rebus
613 2732 764 2811 sapientire
778 2732 871 2812 leges,
885 2732 991 2811 quibus
1004 2732 1091 2793 cnam
1104 2733 1191 2795 hodie

101 2819 218 2903 plurimi
233 2820 402 2881 Graecorum
416 2830 584 2884 constanter
597 2832 728 2884 utuntur.
770 2824 838 2898 Qui,
861 2834 1088 2904 quenquam-tot
1105 2844 1191 2885 orna·

102 2915 208 2976 mentis
228 2914 406 2987 cumulatus,
418 2922 516 2977 tamen
530 2915 601 2977 nibil
614 2916 735 2996 perinde
750 2916 873 2989 studuit,
888 2927 977 2997 atque
990 2926 1026 2975 ut
1036 2916 1067 2975 in
1080 2928 1191 2995 septem

103 3007 263 3088 sapientum
278 3026 429 3067 numerum
442 3008 606 3082 referretur,
621 3008 772 3088 sapientie
785 3008 914 3069 stadium
934 3026 993 3068 non
1005 3009 1110 3087 probro
1127 3008 1190 3069 cni-

101 3118 200 3180 quam,
212 3098 264 3159 sed
288 3098 368 3158 laudi
382 3100 516 3160 omnibus
539 3118 606 3161 esse
623 3101 755 3161 dandum
768 3101 955 3171 existimem
975 3097 1004 3157 in
1027 3118 1087 3179 quo
1105 3118 1191 3179 aque

102 3202 179 3254 recte
192 3191 336 3265 restitut
347 3192 377 3250 in
391 3192 513 3266 caeteris,
525 3192 556 3253 ln
568 3193 675 3272 qttibus
688 3193 833 3254 excelluit.

143 3286 190 3344 14.
213 3285 312 3363 Atque
338 3304 394 3363 ego
416 3304 471 3346 nec
489 3286 553 3366 ipse
577 3285 661 3346 aliter
682 3288 787 3358 sentio,
807 3296 839 3345 et
853 3285 905 3345 tibi
926 3282 1190 3365 philosophandum

51 3400 55 3409 ’
101 3396 217 3450 censeo,
230 3394 286 3437 nec
294 3375 521 3438 obliviscendum
535 3379 651 3458 quantis
664 3386 693 3437 te
706 3377 792 3438 bonis
805 3387 909 3437 natura
921 3389 951 3435 ot
961 3377 1078 3448 fortuna
1086 3394 1191 3437 cumn·

100 3468 175 3533 latit.
217 3468 292 3535 Qum
312 3467 390 3528 banc
412 3469 505 3548 ipsam
528 3472 566 3531 ob
591 3488 712 3545 causam
732 3490 789 3549 ego
812 3488 926 3548 qnoque
946 3468 1084 3528 orationis
1106 3468 1190 3529 initio

101 3560 332 3643 commemorari,
346 3578 405 3619 non
419 3570 478 3621 tam
493 3562 610 3641 quidem
624 3572 658 3621 ut
676 3560 844 3622 laudatione
866 3559 972 3639 ingenii
993 3559 1038 3618 tui
1061 3559 1189 3619 mnium

100 3664 184 3717 nrum
197 3652 267 3713 milri
281 3652 477 3725 conciliarem,
489 3672 579 3731 quam
593 3662 627 3712 nt
638 3662 668 3712 te
682 3651 722 3711 ed
734 3650 949 3732 philosophiam
961 3649 1141 3721 adhortarer,
1155 3660 1190 3711 ut

100 3754 130 3807 et
147 3762 213 3805 earn
230 3762 290 3804 nou
305 3744 386 3823 parri
399 3742 533 3815 duceres,
548 3762 615 3820 nec,
627 3742 714 3803 bonis
736 3743 800 3803 istis
819 3742 925 3814 elatus,
936 3758 972 3801 ea
992 3760 1057 3819 qne
1077 3751 1190 3802 restant

100 3836 272 3917 negligeres,
283 3852 350 3908 nec,
364 3835 390 3895 si
402 3835 437 3896 iis
456 3844 578 3916 prestas
602 3834 775 3914 quibuscum
794 3832 878 3906 viris,
903 3830 1021 3893 studere
1040 3831 1104 3892 aliis
1123 3853 1189 3894 esee

99 3928 284 4012 prestantior
302 3926 387 3988 nolis.
429 3927 491 3988 Sed
510 3926 658 3989 exisfimes
675 3926 813 3987 eximium
826 3945 894 3987 esse
908 3924 1051 3985 excellere
1070 3925 1101 3984 in
1124 3944 1187 3985 om-

100 4024 201 4083 mnus:
222 4016 375 4099 magisque
398 4018 533 4101 expedire
554 4028 589 4078 ut
610 4020 636 4078 ei
659 4018 701 4079 rei
723 4017 843 4079 studere
855 4017 1089 4097 ridearis,quam
1107 4026 1141 4078 ut
1156 4017 1188 4077 in

60 4172 64 4177 .
99 4115 264 4195 wlgaribua
290 4111 428 4187 emineas,
452 4122 502 4173 ant
524 4111 672 4191 ingenium
697 4119 781 4171 tuum
807 4109 980 4181 dedecores,
1006 4118 1059 4170 ant
1088 4128 1188 4171 eorum

99 4208 147 4288 qui
171 4208 225 4269 sibi
250 4205 287 4266 de
307 4214 337 4265 te
355 4224 463 4286 magna
481 4204 655 4287 pollicentur
674 4223 755 4285 spem
778 4205 941 4273 frustreris:
962 4205 1022 4264 imo
1043 4203 1102 4265 tuis
1121 4204 1188 4265 riri·

96 4302 149 4361 bns
175 4300 291 4361 sincere
320 4297 451 4359 studebis
483 4296 824 4359 benevolentissimomm
847 4295 1034 4357 desiderium.
1088 4296 1187 4377 Atque

99 4392 272 4454 existimabis
304 4392 432 4472 reliquas
458 4390 615 4465 orationes,
640 4389 665 4450 si
689 4388 873 4451 mediocriter
896 4388 1043 4471 placeant,
1067 4390 1188 4451 cratori-

98 4484 151 4545 bns
172 4504 239 4545 esse
256 4484 369 4564 glorie,
382 4484 590 4565 preceptiones
612 4493 711 4543 autem
728 4480 764 4543 iis
782 4482 834 4561 qui
853 4492 974 4562 pareant
993 4492 1023 4543 et
1041 4481 1109 4543 usui
1120 4500 1186 4543 ease
