2967 5017
299 299 360 357 ero
441 255 443 262 ¹
528 355 532 364 ,
656 294 701 354 ιιι
722 290 977 356 ετιιΡιιιΝυΜ
995 291 1036 352 11.

299 453 477 534 provocatio,
504 451 581 510 siout
603 448 682 510 faeta
704 467 764 510 non
789 458 846 510 est.
893 448 1117 510 Tertautnr
1142 465 1179 506 se
1212 443 1380 508 affuisse

299 544 403 626 apud
428 543 619 603 arbitrum
645 542 801 614 Tisiam,
822 559 908 601 oum
930 549 1182 621 provocaret
1206 538 1380 599 Phormio

298 632 589 718 Apollodorum
615 643 656 693 ut
681 633 864 714 aperiret
891 632 1064 705 tabulas,
1091 648 1191 711 ques·
1223 631 1380 692 exhibe·

298 732 368 788 bat
397 725 585 806 Amphias
615 724 966 806 Cephisophontis
1002 725 1144 798 affinis,
1168 723 1380 805 Apollodo-

298 837 379 879 rum
414 829 544 879 autam
572 837 639 879 eas
667 818 834 898 aperire
864 817 1062 878 uoluisse.
1112 817 1145 876 si
1170 817 1212 876 sio
1238 815 1382 876 testificati

292 921 405 982 essent,
429 930 497 971 vera
527 929 593 972 esse
621 910 768 972 testificati
790 909 965 970 riderentur.
1018 907 1254 988 Exemplum
1286 919 1380 972 auum

297 1023 389 1063 esse
416 1003 650 1063 testamenti
679 1002 868 1063 Panionia
902 1021 948 1062 ea
975 1021 1057 1081 quse
1093 1000 1250 1061 tabulis
1283 1018 1381 1078 quas

298 1094 484 1156 Phormio
511 1094 750 1155 exhibuerit
775 1093 981 1174 inscripta
1003 1094 1163 1154 fuerint
1183 1092 1294 1166 testari,
1317 1111 1381 1152 oum

297 1208 352 1250 nec
371 1187 504 1250 affuerint
516 1188 543 1247 ei
556 1197 762 1248 testamentum
775 1187 900 1258 facienti,
914 1205 1009 1265 neque
1022 1184 1117 1246 sciant
1128 1203 1166 1244 an
1180 1193 1382 1244 testamentum

295 1281 409 1351 fecerit,
425 1299 522 1340 nonne
535 1280 616 1340 robis
629 1277 742 1338 videtur
757 1275 919 1337 manifestae
936 1298 1002 1337 esse
1014 1275 1222 1356 impudentia?

338 1376 367 1432 5.
389 1373 429 1432 At
452 1373 477 1431 si
500 1371 572 1432 dicit
593 1389 624 1431 se
649 1369 825 1430 Phormione
845 1369 1008 1428 affirmante
1026 1367 1145 1428 credere
1165 1386 1202 1428 ea
1221 1385 1292 1428 vera
1311 1386 1380 1438 esse,

298 1465 427 1545 ejusdem
449 1464 502 1524 siri
523 1473 570 1523 est
590 1474 618 1522 et
640 1461 760 1524 credere
774 1459 816 1518 illi
834 1480 871 1520 ea
891 1459 1054 1538 affirmanti,
1067 1470 1209 1539 etparere
1222 1459 1321 1520 dicere
1336 1461 1382 1538 jo·

296 1558 377 1618 benti
399 1557 606 1616 testimonium.
648 1554 742 1632 Leges
767 1561 864 1613 autem
883 1571 941 1613 nou
960 1553 1001 1612 ita
1013 1553 1182 1631 loquuntur,
1201 1550 1272 1611 sed
1300 1571 1382 1631 qum

297 1648 409 1710 norit
434 1647 596 1727 aliquis,
620 1655 651 1706 et
673 1646 824 1724 quihus
849 1645 1039 1725 gerendis
1060 1644 1383 1719 interfuerit,ea

297 1742 452 1801 testari
474 1739 581 1820 jubent
604 1747 724 1817 atque
744 1735 905 1797 tabulis
931 1736 1176 1809 inscribere,
1199 1745 1232 1797 ιιι
1255 1736 1382 1799 neeadi·

296 1850 374 1892 mere
394 1831 483 1892 liceat
501 1831 668 1909 quiequam,
683 1846 737 1887 neo
760 1828 868 1887 addere
880 1827 915 1886 iis
939 1847 1006 1905 quie
1027 1827 1135 1906 scripta
1154 1828 1279 1889 fuerint:
1306 1848 1382 1889 rem

293 1940 403 1981 reroe
431 1921 546 1980 vivente
572 1918 755 1986 auditam
779 1917 933 1976 testari
962 1935 1023 1976 nou
1054 1916 1164 1986 sinunt,
1196 1916 1250 1976 sed
1282 1938 1300 1978 e
1327 1920 1383 1978 de-

294 2011 455 2071 funeto:
476 2010 523 2069 de
548 2011 671 2067 rebus
695 2007 789 2064 item
815 2004 964 2083 quihus
992 2005 1197 2066 interesse
1217 2024 1295 2067 non
1322 2028 1383 2088 po·

293 2101 418 2161 tueris
441 2109 480 2159 et
502 2117 587 2177 qum
605 2113 772 2176 peregre
797 2104 924 2175 gestie
942 2108 1052 2176 sunt,
1070 2095 1224 2158 dietum
1245 2098 1384 2160 aliena

293 2191 369 2252 fide
394 2189 677 2252 testimouium
701 2188 1018 2249 inscribendum
1053 2197 1118 2249 est
1138 2190 1311 2265 tabulis,
1346 2202 1385 2254 et

292 2284 433 2346 eadem
462 2284 623 2344 actione
643 2290 679 2341 et
704 2281 836 2360 ipsum
865 2280 1153 2342 testimonium
1178 2290 1216 2341 et
1242 2282 1384 2348 aliena

290 2375 365 2435 fide
387 2374 540 2435 dictum
565 2371 850 2432 testimonium
885 2371 1153 2447 injudioium
1183 2373 1382 2438 adducan-

290 2465 378 2526 dum
405 2475 465 2525 est
490 2462 617 2538 simul,
632 2473 674 2536 ut,
694 2463 761 2524 siin
776 2483 809 2524 se
823 2462 964 2542 reoeperit
982 2463 1234 2546 isquidixitipse
1251 2466 1381 2529 testimo·

289 2557 380 2631 nium,
391 2557 442 2617 ilie
455 2555 597 2617 obnoxius
621 2556 659 2616 eit
677 2555 745 2618 feisi
763 2556 931 2629 testimonii,
945 2556 992 2616 sin
1014 2557 1045 2616 in
1066 2576 1098 2617 se
1116 2577 1176 2618 non
1197 2559 1382 2639 raoeperit,ii

290 2651 342 2730 qui
354 2650 449 2711 aliena
462 2650 519 2710 fide
535 2649 730 2710 testimonium
745 2647 894 2709 dixerunt.
937 2648 997 2709 Sed
1012 2649 1188 2730 Stephanus,
1203 2670 1272 2713 oum
1282 2671 1381 2730 neque

286 2743 364 2803 sciat
376 2761 413 2803 an
425 2750 509 2822 pater
524 2751 622 2802 noster
635 2750 841 2802 testamentum
859 2740 1125 2820 reliquarumque
1147 2761 1276 2821 unquam
1295 2743 1379 2804 adhi-

287 2835 366 2897 bitus
377 2835 465 2896 fuerit
476 2853 543 2895 oum
556 2844 748 2916 paternoster
760 2843 968 2894 testamentum
981 2833 1101 2906 faceret,
1110 2834 1191 2895 sede
1202 2834 1380 2896 Phormione

287 2927 422 3002 audierit,
436 2947 498 2988 rem
519 2926 647 2987 auditam
662 2937 708 2986 est
721 2935 845 2985 testatus
863 2941 987 3003 eamque
999 2925 1103 2986 falsam
1116 2935 1149 2985 et
1159 2937 1263 2988 eontra
1273 2927 1379 3009 legem.

288 3019 364 3090 Qua
376 3031 411 3081 ut
422 3039 493 3080 vera
504 3038 571 3080 erse
581 3026 705 3090 constet,
717 3017 783 3096 ipsa
795 3015 876 3078 vobis
890 3016 938 3076 lex
951 3015 1128 3078 recitabitur.

783 3169 871 3230 LEX.

319 3285 381 3333 Rem
399 3285 499 3334 raditur
511 3301 525 3334 e
536 3293 626 3334 mortno
641 3285 722 3334 tortari
736 3285 821 3334 hoen:
838 3287 991 3338 testimoninm
1003 3289 1058 3339 item
1068 3289 1142 3340 riiooa
1151 3291 1197 3340 hdo
1209 3290 1298 3350 dioere,
1306 3295 1337 3342 do
1352 3311 1377 3343 ro

284 3368 351 3410 exin
361 3362 462 3412 Attiomn
472 3372 537 3427 geste
547 3370 570 3410 et
580 3362 617 3410 oui
630 3363 742 3410 interesse
757 3378 802 3410 noo
814 3364 925 3424 potuerir.

322 3479 355 3536 (i.
380 3475 544 3536 Ostendam
557 3483 654 3534 autern
679 3473 774 3547 robis,
787 3495 854 3536 eum
873 3478 961 3538 etiam
974 3491 1078 3541 contra
1095 3481 1181 3540 oliam
1201 3480 1297 3560 legem
1309 3503 1375 3544 esse

282 3565 478 3639 testificatum,
493 3577 528 3627 ut
548 3566 646 3628 sciatis
661 3559 874 3642 Phormionem,
888 3579 923 3630 ut
941 3571 993 3651 qui
1015 3589 1186 3650 magnarum
1204 3573 1375 3652 injuriarum

283 3658 482 3720 defensionem
504 3679 564 3719 non
584 3658 715 3731 haberet,
740 3660 954 3739 provocationis
973 3672 1117 3742 pretextu
1139 3673 1170 3724 et
1192 3668 1294 3744 speeie
1311 3687 1374 3729 esse

282 3771 378 3826 mum,
392 3754 489 3833 reipsa
506 3771 576 3812 vero
590 3751 686 3831 ipsum
700 3753 756 3813 sibi
773 3753 883 3815 dixisse
897 3754 1104 3828 testimonium,
1117 3758 1282 3820 subornatis
1299 3760 1373 3832 istis,

280 3865 334 3928 per
345 3864 419 3926 quos
439 3854 470 3905 et
478 3845 593 3924 judiees
608 3844 723 3924 decepti
738 3855 819 3919 sunt,
837 3849 919 3924 quasi
937 3846 980 3906 illi
992 3867 1061 3908 vera
1079 3848 1321 3920 testificarentur
1344 3865 1374 3914 et

281 3957 337 4016 ego
351 3939 453 3999 relicta
466 3956 485 3996 a
496 3947 578 4016 patre
592 3937 716 4021 pecunie
729 3957 795 3998 sum
808 3938 960 4018 spoliatus,
972 3958 1027 3999 nec
1040 3958 1143 4018 poenas
1156 3942 1193 4001 de
1207 3943 1293 4003 factis
1303 3943 1374 4002 mihi

280 4029 389 4109 injuriis
403 4051 522 4112 possrun
535 4049 660 4091 sumere.
703 4031 803 4111 Ipsum
816 4031 893 4091 enim
912 4033 967 4092 sihi
979 4052 1044 4092 esse
1057 4042 1163 4094 testem
1176 4035 1258 4114 leges
1271 4037 1374 4096 sinunt

280 4123 436 4198 neminem,
449 4145 506 4186 neo
519 4124 550 4182 in
563 4121 697 4202 publicis,
711 4143 766 4182 nee
780 4123 810 4180 in
829 4124 948 4202 privatis
962 4125 1070 4198 causis,
1083 4146 1138 4186 nec
1159 4127 1190 4185 in
1211 4129 1372 4188 rationibus

279 4211 447 4274 referendis.
480 4216 625 4298 ¹Phormio
638 4232 705 4274 vero
719 4214 782 4292 ipse
796 4215 851 4274 sibi
866 4215 948 4275 testis
961 4215 1026 4289 fuit,
1035 4237 1101 4277 cum
1116 4219 1163 4279 isti
1176 4219 1277 4283 dicant
1290 4241 1323 4281 se
1334 4242 1372 4282 ex

277 4305 330 4365 iilo
343 4305 443 4366 audita
456 4308 625 4370 ιιιιίιὶοιιοι
638 4326 704 4369 erse
717 4307 795 4368 hee.
837 4309 881 4369 Ut
891 4319 990 4372 autem
1006 4329 1059 4374 ros
1081 4332 1142 4375 rem
1161 4323 1244 4378 certo
1258 4333 1371 4396 cogno·

279 4395 378 4472 sutis,
391 4397 484 4478 ipson
498 4399 566 4460 mihi
581 4399 676 4480 legem
687 4399 788 4464 recita.
