<?xml version="1.0" encoding="UTF-8"?>
<!DOCTYPE html PUBLIC "-//W3C//DTD XHTML 1.0 Transitional//EN"
    "http://www.w3.org/TR/xhtml1/DTD/xhtml1-transitional.dtd">
<html xmlns="http://www.w3.org/1999/xhtml" xml:lang="en" lang="en">
 <head>
  <title>
</title>
<meta http-equiv="Content-Type" content="text/html;charset=utf-8" />
  <meta name='ocr-system' content='tesseract 3.04.00' />
  <meta name='ocr-capabilities' content='ocr_page ocr_carea ocr_par ocr_line ocrx_word'/>
</head>
<body>
  <div class='ocr_page' id='page_1' title='image "./oratoresatticie00dupogoog_0408.png"; bbox 0 0 2967 5017; ppageno 0'>
   <div class='ocr_carea' id='block_1_1' title="bbox 275 309 1249 425">
    <p class='ocr_par' dir='ltr' id='par_1_1' title="bbox 275 309 1249 425">
     <span class='ocr_line' id='line_1_1' title="bbox 275 309 1249 425; baseline -0.007 0"><span class='ocrx_word' id='word_1_1' title='bbox 275 367 315 425; x_wconf 81' lang='lat' dir='ltr'><strong>aa</strong></span> <span class='ocrx_word' id='word_1_2' title='bbox 506 363 562 421; x_wconf 83' lang='lat' dir='ltr'><strong>na</strong></span> <span class='ocrx_word' id='word_1_3' title='bbox 584 361 703 422; x_wconf 80' lang='lat' dir='ltr'><strong>mana</strong></span> <span class='ocrx_word' id='word_1_4' title='bbox 724 356 859 421; x_wconf 76' lang='lat' dir='ltr'><strong>ossus</strong></span> <span class='ocrx_word' id='word_1_5' title='bbox 881 347 1132 421; x_wconf 69' lang='lat' dir='ltr'><strong>naosrroue.</strong></span> <span class='ocrx_word' id='word_1_6' title='bbox 1244 309 1249 320; x_wconf 58' lang='grc'><strong>’</strong></span> 
     </span>
    </p>
   </div>
   <div class='ocr_carea' id='block_1_2' title="bbox 200 509 1384 1792">
    <p class='ocr_par' dir='ltr' id='par_1_2' title="bbox 200 509 1384 966">
     <span class='ocr_line' id='line_1_2' title="bbox 200 509 1384 600; baseline -0.008 -20"><span class='ocrx_word' id='word_1_7' title='bbox 200 526 204 534; x_wconf 91' lang='grc'><strong>’</strong></span> <span class='ocrx_word' id='word_1_8' title='bbox 277 527 390 600; x_wconf 86' lang='lat' dir='ltr'><strong>optant.</strong></span> <span class='ocrx_word' id='word_1_9' title='bbox 426 519 520 598; x_wconf 89' lang='lat' dir='ltr'><strong>quue</strong></span> <span class='ocrx_word' id='word_1_10' title='bbox 532 520 706 591; x_wconf 73' lang='lat' dir='ltr'>rectissime,</span> <span class='ocrx_word' id='word_1_11' title='bbox 718 517 900 588; x_wconf 86' lang='lat' dir='ltr'><strong>ac&#39;civiliter,</strong></span> <span class='ocrx_word' id='word_1_12' title='bbox 915 516 1118 574; x_wconf 79' lang='lat' dir='ltr'><strong>Athenienses.</strong></span> <span class='ocrx_word' id='word_1_13' title='bbox 1153 509 1230 570; x_wconf 83' lang='lat' dir='ltr'><strong>Nam</strong></span> <span class='ocrx_word' id='word_1_14' title='bbox 1245 512 1269 570; x_wconf 80' lang='lat' dir='ltr'><strong>&#39;si</strong></span> <span class='ocrx_word' id='word_1_15' title='bbox 1284 528 1384 572; x_wconf 84' lang='lat' dir='ltr'><strong>neruo</strong></span> 
     </span>
     <span class='ocr_line' id='line_1_3' title="bbox 275 604 1384 690; baseline -0.008 -18"><span class='ocrx_word' id='word_1_16' title='bbox 275 621 407 672; x_wconf 78' lang='lat' dir='ltr'><strong>restrum</strong></span> <span class='ocrx_word' id='word_1_17' title='bbox 416 621 472 685; x_wconf 87' lang='lat' dir='ltr'><strong>est,</strong></span> <span class='ocrx_word' id='word_1_18' title='bbox 482 611 531 690; x_wconf 88' lang='lat' dir='ltr'><strong>qui</strong></span> <span class='ocrx_word' id='word_1_19' title='bbox 537 618 626 687; x_wconf 83' lang='lat' dir='ltr'><strong>justre</strong></span> <span class='ocrx_word' id='word_1_20' title='bbox 640 611 731 670; x_wconf 83' lang='lat' dir='ltr'><strong>credis</strong></span> <span class='ocrx_word' id='word_1_21' title='bbox 741 611 771 669; x_wconf 89' lang='lat' dir='ltr'><strong>in</strong></span> <span class='ocrx_word' id='word_1_22' title='bbox 782 629 814 669; x_wconf 91' lang='lat' dir='ltr'><strong>se</strong></span> <span class='ocrx_word' id='word_1_23' title='bbox 822 609 970 688; x_wconf 78' lang='lat' dir='ltr'><strong>piaculum</strong></span> <span class='ocrx_word' id='word_1_24' title='bbox 983 608 1135 667; x_wconf 75' lang='lat' dir='ltr'><strong>admittere</strong></span> <span class='ocrx_word' id='word_1_25' title='bbox 1148 604 1248 676; x_wconf 83' lang='lat' dir='ltr'><strong>vellet,</strong></span> <span class='ocrx_word' id='word_1_26' title='bbox 1260 617 1384 684; x_wconf 82' lang='lat' dir='ltr'><strong>quanto</strong></span> 
     </span>
     <span class='ocr_line' id='line_1_4' title="bbox 275 695 1382 783; baseline -0.009 -19"><span class='ocrx_word' id='word_1_27' title='bbox 275 705 370 783; x_wconf 79' lang='lat' dir='ltr'><strong>magis</strong></span> <span class='ocrx_word' id='word_1_28' title='bbox 390 705 526 781; x_wconf 79' lang='lat' dir='ltr'><strong>injustam</strong></span> <span class='ocrx_word' id='word_1_29' title='bbox 548 703 699 775; x_wconf 81' lang='lat' dir='ltr'><strong>cavebitis,</strong></span> <span class='ocrx_word' id='word_1_30' title='bbox 722 713 824 780; x_wconf 89' lang='lat' dir='ltr'><strong>erepta</strong></span> <span class='ocrx_word' id='word_1_31' title='bbox 843 700 932 760; x_wconf 87' lang='lat' dir='ltr'><strong>alicui</strong></span> <span class='ocrx_word' id='word_1_32' title='bbox 950 700 1020 772; x_wconf 83' lang='lat' dir='ltr'><strong>vita,</strong></span> <span class='ocrx_word' id='word_1_33' title='bbox 1036 707 1087 758; x_wconf 88' lang='lat' dir='ltr'><strong>ant</strong></span> <span class='ocrx_word' id='word_1_34' title='bbox 1109 717 1140 756; x_wconf 92' lang='lat' dir='ltr'><strong>re</strong></span> <span class='ocrx_word' id='word_1_35' title='bbox 1155 695 1304 766; x_wconf 79' lang='lat' dir='ltr'>familiari,</span> <span class='ocrx_word' id='word_1_36' title='bbox 1321 707 1382 755; x_wconf 86' lang='lat' dir='ltr'><strong>aut</strong></span> 
     </span>
     <span class='ocr_line' id='line_1_5' title="bbox 276 787 1381 874; baseline -0.008 -19"><span class='ocrx_word' id='word_1_37' title='bbox 276 795 440 874; x_wconf 72' lang='lat' dir='ltr'><strong>dignitate?</strong></span> <span class='ocrx_word' id='word_1_38' title='bbox 472 795 522 854; x_wconf 94' lang='lat' dir='ltr'><strong>Ob</strong></span> <span class='ocrx_word' id='word_1_39' title='bbox 543 811 617 873; x_wconf 91' lang='lat' dir='ltr'><strong>quas</strong></span> <span class='ocrx_word' id='word_1_40' title='bbox 641 799 688 855; x_wconf 85' lang='lat' dir='ltr'><strong>re&#39;s</strong></span> <span class='ocrx_word' id='word_1_41' title='bbox 712 795 762 854; x_wconf 91' lang='lat' dir='ltr'><strong>alii</strong></span> <span class='ocrx_word' id='word_1_42' title='bbox 791 794 969 854; x_wconf 79' lang='lat' dir='ltr'><strong>albimanus</strong></span> <span class='ocrx_word' id='word_1_43' title='bbox 990 790 1160 861; x_wconf 84' lang='lat' dir='ltr'><strong>attulerunt,</strong></span> <span class='ocrx_word' id='word_1_44' title='bbox 1184 789 1233 849; x_wconf 88' lang='lat' dir='ltr'><strong>alii</strong></span> <span class='ocrx_word' id='word_1_45' title='bbox 1252 787 1381 867; x_wconf 88' lang='lat' dir='ltr'><strong>publice</strong></span> 
     </span>
     <span class='ocr_line' id='line_1_6' title="bbox 274 887 1017 966; baseline -0.004 -20"><span class='ocrx_word' id='word_1_46' title='bbox 274 887 432 966; x_wconf 88' lang='lat' dir='ltr'><strong>perierunt.</strong></span> <span class='ocrx_word' id='word_1_47' title='bbox 1005 897 1017 910; x_wconf 87' lang='grc'>·</span> 
     </span>
    </p>

    <p class='ocr_par' dir='ltr' id='par_1_3' title="bbox 272 971 1381 1608">
     <span class='ocr_line' id='line_1_7' title="bbox 314 971 1381 1062; baseline -0.007 -25"><span class='ocrx_word' id='word_1_48' title='bbox 314 982 365 1038; x_wconf 74' lang='lat'><strong>28.</strong></span> <span class='ocrx_word' id='word_1_49' title='bbox 387 979 457 1039; x_wconf 90' lang='lat' dir='ltr'><strong>Non</strong></span> <span class='ocrx_word' id='word_1_50' title='bbox 470 979 558 1059; x_wconf 79' lang='lat' dir='ltr'><strong>igitur</strong></span> <span class='ocrx_word' id='word_1_51' title='bbox 570 978 685 1038; x_wconf 86' lang='lat' dir='ltr'><strong>reniam</strong></span> <span class='ocrx_word' id='word_1_52' title='bbox 704 979 776 1038; x_wconf 88' lang='lat' dir='ltr'><strong>mihi</strong></span> <span class='ocrx_word' id='word_1_53' title='bbox 789 977 905 1050; x_wconf 88' lang='lat' dir='ltr'><strong>dabitis,</strong></span> <span class='ocrx_word' id='word_1_54' title='bbox 924 975 1132 1047; x_wconf 79' lang='lat' dir='ltr'><strong>Athenienses,</strong></span> <span class='ocrx_word' id='word_1_55' title='bbox 1150 974 1177 1062; x_wconf 82' lang='lat' dir='ltr'><strong>si</strong></span> <span class='ocrx_word' id='word_1_56' title='bbox 1194 989 1263 1032; x_wconf 87' lang='lat' dir='ltr'><strong>enm</strong></span> <span class='ocrx_word' id='word_1_57' title='bbox 1281 971 1381 1030; x_wconf 77' lang='lat' dir='ltr'><strong>cinoe-</strong></span> 
     </span>
     <span class='ocr_line' id='line_1_8' title="bbox 275 1063 1380 1151; baseline -0.006 -23"><span class='ocrx_word' id='word_1_58' title='bbox 275 1071 347 1129; x_wconf 85' lang='lat' dir='ltr'><strong>dnm</strong></span> <span class='ocrx_word' id='word_1_59' title='bbox 365 1071 528 1151; x_wconf 79' lang='lat' dir='ltr'><strong>appellare,</strong></span> <span class='ocrx_word' id='word_1_60' title='bbox 543 1081 573 1130; x_wconf 89' lang='lat' dir='ltr'><strong>et</strong></span> <span class='ocrx_word' id='word_1_61' title='bbox 586 1071 734 1130; x_wconf 88' lang='lat' dir='ltr'><strong>bominem</strong></span> <span class='ocrx_word' id='word_1_62' title='bbox 754 1069 868 1150; x_wconf 78' lang='lat' dir='ltr'><strong>&#39;polluto</strong></span> <span class='ocrx_word' id='word_1_63' title='bbox 884 1087 1016 1147; x_wconf 86' lang='lat' dir='ltr'><strong>corporo,</strong></span> <span class='ocrx_word' id='word_1_64' title='bbox 1031 1085 1066 1126; x_wconf 87' lang='lat' dir='ltr'><strong>es</strong></span> <span class='ocrx_word' id='word_1_65' title='bbox 1085 1065 1172 1126; x_wconf 89' lang='lat' dir='ltr'><strong>etiam</strong></span> <span class='ocrx_word' id='word_1_66' title='bbox 1187 1073 1271 1145; x_wconf 88' lang='lat' dir='ltr'><strong>parte</strong></span> <span class='ocrx_word' id='word_1_67' title='bbox 1292 1063 1380 1122; x_wconf 81' lang='lat' dir='ltr'><strong>unde</strong></span> 
     </span>
     <span class='ocr_line' id='line_1_9' title="bbox 274 1158 1378 1240; baseline -0.005 -18"><span class='ocrx_word' id='word_1_68' title='bbox 274 1181 377 1222; x_wconf 83' lang='lat' dir='ltr'><strong>vocem</strong></span> <span class='ocrx_word' id='word_1_69' title='bbox 392 1163 462 1236; x_wconf 90' lang='lat' dir='ltr'><strong>edit,</strong></span> <span class='ocrx_word' id='word_1_70' title='bbox 475 1182 510 1223; x_wconf 90' lang='lat' dir='ltr'><strong>ac</strong></span> <span class='ocrx_word' id='word_1_71' title='bbox 524 1163 631 1222; x_wconf 91' lang='lat' dir='ltr'><strong>deinde</strong></span> <span class='ocrx_word' id='word_1_72' title='bbox 650 1163 794 1240; x_wconf 90' lang='lat' dir='ltr'><strong>reliquam</strong></span> <span class='ocrx_word' id='word_1_73' title='bbox 811 1162 1004 1222; x_wconf 79' lang='lat' dir='ltr'><strong>accusationis</strong></span> <span class='ocrx_word' id='word_1_74' title='bbox 1021 1169 1135 1239; x_wconf 81' lang='lat' dir='ltr'><strong>partem</strong></span> <span class='ocrx_word' id='word_1_75' title='bbox 1154 1158 1192 1218; x_wconf 87' lang='lat' dir='ltr'><strong>de</strong></span> <span class='ocrx_word' id='word_1_76' title='bbox 1214 1158 1378 1219; x_wconf 89' lang='lat' dir='ltr'><strong>Cersoble-</strong></span> 
     </span>
     <span class='ocr_line' id='line_1_10' title="bbox 273 1251 1379 1332; baseline -0.005 -18"><span class='ocrx_word' id='word_1_77' title='bbox 273 1263 325 1332; x_wconf 85' lang='lat' dir='ltr'><strong>pte</strong></span> <span class='ocrx_word' id='word_1_78' title='bbox 348 1255 496 1316; x_wconf 80' lang='lat' dir='ltr'><strong>evidenter</strong></span> <span class='ocrx_word' id='word_1_79' title='bbox 514 1255 619 1314; x_wconf 83' lang='lat' dir='ltr'><strong>falsam</strong></span> <span class='ocrx_word' id='word_1_80' title='bbox 642 1275 711 1315; x_wconf 89' lang='lat' dir='ltr'><strong>esse</strong></span> <span class='ocrx_word' id='word_1_81' title='bbox 731 1253 912 1315; x_wconf 69' lang='lat' dir='ltr'><strong>ostendero?</strong></span> <span class='ocrx_word' id='word_1_82' title='bbox 941 1254 980 1312; x_wconf 91' lang='lat' dir='ltr'><strong>lis</strong></span> <span class='ocrx_word' id='word_1_83' title='bbox 1006 1253 1092 1324; x_wconf 89' lang='lat' dir='ltr'><strong>enim,</strong></span> <span class='ocrx_word' id='word_1_84' title='bbox 1114 1252 1165 1329; x_wconf 94' lang='lat' dir='ltr'><strong>qui</strong></span> <span class='ocrx_word' id='word_1_85' title='bbox 1179 1259 1325 1310; x_wconf 76' lang='lat' dir='ltr'><strong>vocantur</strong></span> <span class='ocrx_word' id='word_1_86' title='bbox 1344 1251 1379 1307; x_wconf 92' lang='lat' dir='ltr'><strong>in</strong></span> 
     </span>
     <span class='ocr_line' id='line_1_11' title="bbox 274 1341 1377 1428; baseline -0.002 -26"><span class='ocrx_word' id='word_1_87' title='bbox 274 1346 394 1418; x_wconf 85' lang='lat' dir='ltr'><strong>crimen,</strong></span> <span class='ocrx_word' id='word_1_88' title='bbox 408 1365 459 1428; x_wconf 16' lang='lat' dir='ltr'><strong>‘res</strong></span> <span class='ocrx_word' id='word_1_89' title='bbox 478 1346 557 1425; x_wconf 87' lang='lat' dir='ltr'><strong>apud</strong></span> <span class='ocrx_word' id='word_1_90' title='bbox 570 1366 623 1406; x_wconf 86' lang='lat' dir='ltr'><strong>ros</strong></span> <span class='ocrx_word' id='word_1_91' title='bbox 636 1346 780 1424; x_wconf 84' lang='lat' dir='ltr'><strong>contingit</strong></span> <span class='ocrx_word' id='word_1_92' title='bbox 795 1365 860 1404; x_wconf 90' lang='lat' dir='ltr'><strong>mea</strong></span> <span class='ocrx_word' id='word_1_93' title='bbox 874 1345 1009 1424; x_wconf 91' lang='lat' dir='ltr'><strong>opinione</strong></span> <span class='ocrx_word' id='word_1_94' title='bbox 1024 1343 1218 1422; x_wconf 84' lang='lat' dir='ltr'><strong>pulcherrima</strong></span> <span class='ocrx_word' id='word_1_95' title='bbox 1232 1353 1264 1401; x_wconf 86' lang='lat' dir='ltr'><strong>et</strong></span> <span class='ocrx_word' id='word_1_96' title='bbox 1274 1341 1377 1400; x_wconf 82' lang='lat' dir='ltr'><strong>utilis-</strong></span> 
     </span>
     <span class='ocr_line' id='line_1_12' title="bbox 273 1433 1376 1516; baseline -0.004 -22"><span class='ocrx_word' id='word_1_97' title='bbox 273 1436 357 1498; x_wconf 87' lang='lat' dir='ltr'><strong>sima.</strong></span> <span class='ocrx_word' id='word_1_98' title='bbox 385 1437 500 1497; x_wconf 81' lang='lat' dir='ltr'><strong>Etenim</strong></span> <span class='ocrx_word' id='word_1_99' title='bbox 520 1449 663 1516; x_wconf 86' lang='lat' dir='ltr'><strong>tempora,</strong></span> <span class='ocrx_word' id='word_1_100' title='bbox 676 1448 707 1496; x_wconf 90' lang='lat' dir='ltr'><strong>et</strong></span> <span class='ocrx_word' id='word_1_101' title='bbox 720 1437 848 1508; x_wconf 89' lang='lat' dir='ltr'><strong>decreta,</strong></span> <span class='ocrx_word' id='word_1_102' title='bbox 867 1456 1028 1515; x_wconf 87' lang='lat' dir='ltr'><strong>corumque</strong></span> <span class='ocrx_word' id='word_1_103' title='bbox 1042 1435 1248 1513; x_wconf 79' lang='lat' dir='ltr'><strong>suffragatores</strong></span> <span class='ocrx_word' id='word_1_104' title='bbox 1268 1433 1301 1492; x_wconf 90' lang='lat' dir='ltr'><strong>in</strong></span> <span class='ocrx_word' id='word_1_105' title='bbox 1318 1452 1376 1512; x_wconf 85' lang='lat' dir='ltr'><strong>pu-</strong></span> 
     </span>
     <span class='ocr_line' id='line_1_13' title="bbox 272 1528 901 1608; baseline 0 -21"><span class='ocrx_word' id='word_1_106' title='bbox 272 1528 356 1588; x_wconf 86' lang='lat' dir='ltr'><strong>blicis</strong></span> <span class='ocrx_word' id='word_1_107' title='bbox 370 1530 564 1589; x_wconf 87' lang='lat' dir='ltr'><strong>monumentis</strong></span> <span class='ocrx_word' id='word_1_108' title='bbox 578 1537 720 1608; x_wconf 86' lang='lat' dir='ltr'><strong>perpetuo</strong></span> <span class='ocrx_word' id='word_1_109' title='bbox 734 1528 901 1588; x_wconf 76' lang='lat' dir='ltr'><strong>asservatis.</strong></span> 
     </span>
    </p>

    <p class='ocr_par' dir='ltr' id='par_1_4' title="bbox 269 1617 1374 1792">
     <span class='ocr_line' id='line_1_14' title="bbox 312 1617 1374 1696; baseline -0.003 -19"><span class='ocrx_word' id='word_1_110' title='bbox 312 1623 362 1681; x_wconf 77' lang='lat'><strong>29.</strong></span> <span class='ocrx_word' id='word_1_111' title='bbox 391 1620 476 1678; x_wconf 84' lang='lat' dir='ltr'><strong>Dixit</strong></span> <span class='ocrx_word' id='word_1_112' title='bbox 491 1630 589 1678; x_wconf 86' lang='lat' dir='ltr'><strong>autem</strong></span> <span class='ocrx_word' id='word_1_113' title='bbox 608 1620 674 1691; x_wconf 90' lang='lat' dir='ltr'><strong>iste,</strong></span> <span class='ocrx_word' id='word_1_114' title='bbox 698 1638 764 1678; x_wconf 89' lang='lat' dir='ltr'><strong>eam</strong></span> <span class='ocrx_word' id='word_1_115' title='bbox 784 1638 849 1678; x_wconf 90' lang='lat' dir='ltr'><strong>esse</strong></span> <span class='ocrx_word' id='word_1_116' title='bbox 870 1637 1003 1690; x_wconf 87' lang='lat' dir='ltr'><strong>causam,</strong></span> <span class='ocrx_word' id='word_1_117' title='bbox 1027 1639 1080 1678; x_wconf 90' lang='lat' dir='ltr'><strong>cur</strong></span> <span class='ocrx_word' id='word_1_118' title='bbox 1100 1617 1301 1696; x_wconf 85' lang='lat' dir='ltr'><strong>Cersobleptis</strong></span> <span class='ocrx_word' id='word_1_119' title='bbox 1323 1635 1374 1674; x_wconf 86' lang='lat' dir='ltr'><strong>res</strong></span> 
     </span>
     <span class='ocr_line' id='line_1_15' title="bbox 269 1710 1374 1792; baseline -0.006 -21"><span class='ocrx_word' id='word_1_120' title='bbox 269 1711 420 1792; x_wconf 85' lang='lat' dir='ltr'><strong>perierint,</strong></span> <span class='ocrx_word' id='word_1_121' title='bbox 434 1711 583 1789; x_wconf 70' lang='lat' dir='ltr'><strong>quodego</strong></span> <span class='ocrx_word' id='word_1_122' title='bbox 596 1710 753 1788; x_wconf 74' lang='lat' dir='ltr'><strong>legationis</strong></span> <span class='ocrx_word' id='word_1_123' title='bbox 762 1711 833 1780; x_wconf 83' lang='lat' dir='ltr'><strong>dux,</strong></span> <span class='ocrx_word' id='word_1_124' title='bbox 848 1721 878 1768; x_wconf 89' lang='lat' dir='ltr'><strong>et</strong></span> <span class='ocrx_word' id='word_1_125' title='bbox 893 1710 1026 1768; x_wconf 87' lang='lat' dir='ltr'><strong>secunda</strong></span> <span class='ocrx_word' id='word_1_126' title='bbox 1039 1729 1109 1768; x_wconf 90' lang='lat' dir='ltr'><strong>aura</strong></span> <span class='ocrx_word' id='word_1_127' title='bbox 1123 1719 1220 1766; x_wconf 87' lang='lat' dir='ltr'><strong>restra</strong></span> <span class='ocrx_word' id='word_1_128' title='bbox 1233 1725 1319 1776; x_wconf 88' lang='lat' dir='ltr'><strong>usus,</strong></span> <span class='ocrx_word' id='word_1_129' title='bbox 1340 1727 1374 1765; x_wconf 87' lang='lat' dir='ltr'><strong>se</strong></span> 
     </span>
    </p>
   </div>
   <div class='ocr_carea' id='block_1_3' title="bbox 271 1799 1467 1973">
    <p class='ocr_par' dir='ltr' id='par_1_5' title="bbox 271 1799 1467 1973">
     <span class='ocr_line' id='line_1_16' title="bbox 271 1799 1467 1878; baseline -0.009 -15"><span class='ocrx_word' id='word_1_130' title='bbox 271 1823 328 1863; x_wconf 87' lang='lat' dir='ltr'><strong>nos</strong></span> <span class='ocrx_word' id='word_1_131' title='bbox 339 1803 369 1862; x_wconf 91' lang='lat' dir='ltr'><strong>in</strong></span> <span class='ocrx_word' id='word_1_132' title='bbox 383 1801 540 1861; x_wconf 84' lang='lat' dir='ltr'><strong>Thraciam</strong></span> <span class='ocrx_word' id='word_1_133' title='bbox 555 1801 595 1860; x_wconf 91' lang='lat' dir='ltr'><strong>ire</strong></span> <span class='ocrx_word' id='word_1_134' title='bbox 602 1803 735 1878; x_wconf 84' lang='lat' dir='ltr'><strong>jubente,</strong></span> <span class='ocrx_word' id='word_1_135' title='bbox 750 1819 816 1860; x_wconf 87' lang='lat' dir='ltr'><strong>cum</strong></span> <span class='ocrx_word' id='word_1_136' title='bbox 829 1800 1034 1878; x_wconf 85' lang='lat' dir='ltr'><strong>Cersobleptes</strong></span> <span class='ocrx_word' id='word_1_137' title='bbox 1049 1799 1241 1867; x_wconf 87' lang='lat' dir='ltr'><strong>obsideretur,</strong></span> <span class='ocrx_word' id='word_1_138' title='bbox 1258 1807 1289 1856; x_wconf 89' lang='lat' dir='ltr'><strong>et</strong></span> <span class='ocrx_word' id='word_1_139' title='bbox 1298 1815 1374 1872; x_wconf 54' lang='lat' dir='ltr'><strong>eon:</strong></span> <span class='ocrx_word' id='word_1_140' title='bbox 1466 1803 1467 1808; x_wconf 77' lang='grc'>’</span> 
     </span>
     <span class='ocr_line' id='line_1_17' title="bbox 271 1889 1467 1973; baseline -0.008 -18"><span class='ocrx_word' id='word_1_141' title='bbox 271 1894 372 1954; x_wconf 78' lang='lat' dir='ltr'><strong>testari</strong></span> <span class='ocrx_word' id='word_1_142' title='bbox 384 1894 463 1973; x_wconf 86' lang='lat' dir='ltr'><strong>apud</strong></span> <span class='ocrx_word' id='word_1_143' title='bbox 478 1891 657 1971; x_wconf 90' lang='lat' dir='ltr'><strong>Philippum,</strong></span> <span class='ocrx_word' id='word_1_144' title='bbox 672 1909 709 1952; x_wconf 90' lang='lat' dir='ltr'><strong>ea</strong></span> <span class='ocrx_word' id='word_1_145' title='bbox 720 1891 819 1952; x_wconf 86' lang='lat' dir='ltr'><strong>iacere</strong></span> <span class='ocrx_word' id='word_1_146' title='bbox 839 1890 993 1963; x_wconf 89' lang='lat' dir='ltr'><strong>noluerim,</strong></span> <span class='ocrx_word' id='word_1_147' title='bbox 1006 1890 1059 1950; x_wconf 89' lang='lat' dir='ltr'><strong>sed</strong></span> <span class='ocrx_word' id='word_1_148' title='bbox 1077 1890 1147 1949; x_wconf 87' lang='lat' dir='ltr'><strong>Orci</strong></span> <span class='ocrx_word' id='word_1_149' title='bbox 1163 1889 1300 1959; x_wconf 89' lang='lat' dir='ltr'><strong>sederim,</strong></span> <span class='ocrx_word' id='word_1_150' title='bbox 1320 1907 1375 1948; x_wconf 90' lang='lat' dir='ltr'><strong>ce·</strong></span> <span class='ocrx_word' id='word_1_151' title='bbox 1466 1893 1467 1916; x_wconf 48' lang='lat' dir='ltr'><strong>l</strong></span> 
     </span>
    </p>
   </div>
   <div class='ocr_carea' id='block_1_4' title="bbox 216 1980 1371 2434">
    <p class='ocr_par' dir='ltr' id='par_1_6' title="bbox 216 1980 1371 2434">
     <span class='ocr_line' id='line_1_18' title="bbox 216 1980 1371 2066; baseline -0.006 -19"><span class='ocrx_word' id='word_1_152' title='bbox 216 2006 219 2013; x_wconf 80' lang='grc'><strong>’</strong></span> <span class='ocrx_word' id='word_1_153' title='bbox 271 1987 386 2066; x_wconf 85' lang='lat' dir='ltr'><strong>terique</strong></span> <span class='ocrx_word' id='word_1_154' title='bbox 399 1985 499 2064; x_wconf 79' lang='lat' dir='ltr'><strong>legati,</strong></span> <span class='ocrx_word' id='word_1_155' title='bbox 513 1984 641 2063; x_wconf 88' lang='lat' dir='ltr'><strong>hospitia</strong></span> <span class='ocrx_word' id='word_1_156' title='bbox 655 1984 740 2043; x_wconf 88' lang='lat' dir='ltr'><strong>nobis</strong></span> <span class='ocrx_word' id='word_1_157' title='bbox 762 1983 963 2043; x_wconf 88' lang='lat' dir='ltr'><strong>conciliantes.</strong></span> <span class='ocrx_word' id='word_1_158' title='bbox 999 1981 1106 2041; x_wconf 89' lang='lat' dir='ltr'><strong>Audite</strong></span> <span class='ocrx_word' id='word_1_159' title='bbox 1122 1981 1211 2060; x_wconf 81' lang='lat' dir='ltr'><strong>igitur</strong></span> <span class='ocrx_word' id='word_1_160' title='bbox 1230 1980 1371 2040; x_wconf 83' lang='lat' dir='ltr'><strong>Charetis</strong></span> 
     </span>
     <span class='ocr_line' id='line_1_19' title="bbox 270 2061 1370 2154; baseline -0.007 -16"><span class='ocrx_word' id='word_1_161' title='bbox 270 2079 380 2150; x_wconf 85' lang='lat' dir='ltr'><strong>literas,</strong></span> <span class='ocrx_word' id='word_1_162' title='bbox 403 2095 477 2153; x_wconf 89' lang='lat' dir='ltr'><strong>quas</strong></span> <span class='ocrx_word' id='word_1_163' title='bbox 490 2075 569 2134; x_wconf 87' lang='lat' dir='ltr'><strong>misit</strong></span> <span class='ocrx_word' id='word_1_164' title='bbox 583 2075 621 2133; x_wconf 88' lang='lat' dir='ltr'><strong>ad</strong></span> <span class='ocrx_word' id='word_1_165' title='bbox 645 2075 795 2154; x_wconf 90' lang='lat' dir='ltr'><strong>populum,</strong></span> <span class='ocrx_word' id='word_1_166' title='bbox 817 2075 923 2151; x_wconf 71' lang='lat' dir='ltr'><strong>quibus</strong></span> <span class='ocrx_word' id='word_1_167' title='bbox 946 2075 1119 2146; x_wconf 85' lang='lat' dir='ltr'><strong>continetur,</strong></span> <span class='ocrx_word' id='word_1_168' title='bbox 1139 2061 1370 2151; x_wconf 78' lang='lat' dir='ltr'><strong>Cersobleptem</strong></span> 
     </span>
     <span class='ocr_line' id='line_1_20' title="bbox 271 2165 1369 2248; baseline -0.006 -19"><span class='ocrx_word' id='word_1_169' title='bbox 271 2170 422 2248; x_wconf 88' lang='lat' dir='ltr'><strong>imperium</strong></span> <span class='ocrx_word' id='word_1_170' title='bbox 435 2167 578 2239; x_wconf 87' lang='lat' dir='ltr'><strong>amisisse,</strong></span> <span class='ocrx_word' id='word_1_171' title='bbox 592 2176 623 2226; x_wconf 90' lang='lat' dir='ltr'><strong>et</strong></span> <span class='ocrx_word' id='word_1_172' title='bbox 640 2186 755 2226; x_wconf 85' lang='lat' dir='ltr'><strong>sacrum</strong></span> <span class='ocrx_word' id='word_1_173' title='bbox 770 2176 900 2226; x_wconf 85' lang='lat' dir='ltr'><strong>montem</strong></span> <span class='ocrx_word' id='word_1_174' title='bbox 921 2186 940 2225; x_wconf 92' lang='lat' dir='ltr'><strong>a</strong></span> <span class='ocrx_word' id='word_1_175' title='bbox 951 2165 1088 2245; x_wconf 87' lang='lat' dir='ltr'><strong>Philippo</strong></span> <span class='ocrx_word' id='word_1_176' title='bbox 1103 2173 1279 2243; x_wconf 86' lang='lat' dir='ltr'><strong>occupatum</strong></span> <span class='ocrx_word' id='word_1_177' title='bbox 1300 2182 1369 2223; x_wconf 86' lang='lat' dir='ltr'><strong>esse</strong></span> 
     </span>
     <span class='ocr_line' id='line_1_21' title="bbox 271 2255 1370 2335; baseline -0.006 -15"><span class='ocrx_word' id='word_1_178' title='bbox 271 2278 372 2320; x_wconf 76' lang='lat' dir='ltr'><strong>xxva</strong></span> <span class='ocrx_word' id='word_1_179' title='bbox 386 2255 550 2317; x_wconf 84' lang='lat' dir='ltr'><strong>Februarii:</strong></span> <span class='ocrx_word' id='word_1_180' title='bbox 574 2255 789 2316; x_wconf 82' lang='lat' dir='ltr'><strong>Demosthenes</strong></span> <span class='ocrx_word' id='word_1_181' title='bbox 804 2266 902 2316; x_wconf 89' lang='lat' dir='ltr'><strong>autem</strong></span> <span class='ocrx_word' id='word_1_182' title='bbox 913 2275 980 2316; x_wconf 91' lang='lat' dir='ltr'><strong>cum</strong></span> <span class='ocrx_word' id='word_1_183' title='bbox 994 2255 1144 2334; x_wconf 83' lang='lat' dir='ltr'><strong>exlegatis</strong></span> <span class='ocrx_word' id='word_1_184' title='bbox 1155 2265 1247 2326; x_wconf 84' lang='lat' dir='ltr'><strong>esset,</strong></span> <span class='ocrx_word' id='word_1_185' title='bbox 1256 2272 1370 2335; x_wconf 76' lang='lat' dir='ltr'><strong>presses</strong></span> 
     </span>
     <span class='ocr_line' id='line_1_22' title="bbox 269 2347 1002 2434; baseline -0.004 -23"><span class='ocrx_word' id='word_1_186' title='bbox 269 2369 324 2430; x_wconf 86' lang='lat' dir='ltr'><strong>pro</strong></span> <span class='ocrx_word' id='word_1_187' title='bbox 333 2350 474 2434; x_wconf 85' lang='lat' dir='ltr'><strong>concione</strong></span> <span class='ocrx_word' id='word_1_188' title='bbox 487 2348 542 2407; x_wconf 83' lang='lat' dir='ltr'><strong>tuit</strong></span> <span class='ocrx_word' id='word_1_189' title='bbox 556 2347 687 2426; x_wconf 87' lang='lat' dir='ltr'><strong>ejusdem</strong></span> <span class='ocrx_word' id='word_1_190' title='bbox 700 2349 809 2408; x_wconf 88' lang='lat' dir='ltr'><strong>mensis</strong></span> <span class='ocrx_word' id='word_1_191' title='bbox 823 2347 870 2409; x_wconf 92' lang='lat' dir='ltr'><strong>die</strong></span> <span class='ocrx_word' id='word_1_192' title='bbox 887 2366 1002 2416; x_wconf 68' lang='lat' dir='ltr'><strong>xxvrr.</strong></span> 
     </span>
    </p>
   </div>
   <div class='ocr_carea' id='block_1_5' title="bbox 635 2525 902 2598">
    <p class='ocr_par' dir='ltr' id='par_1_7' title="bbox 635 2525 902 2598">
     <span class='ocr_line' id='line_1_23' title="bbox 635 2525 902 2598; baseline -0.015 2"><span class='ocrx_word' id='word_1_193' title='bbox 635 2525 641 2540; x_wconf 83' lang='grc'><em>“</em></span> <span class='ocrx_word' id='word_1_194' title='bbox 732 2537 902 2598; x_wconf 76' lang='lat' dir='ltr'><strong>trunam.</strong></span> 
     </span>
    </p>
   </div>
   <div class='ocr_carea' id='block_1_6' title="bbox 270 2667 1365 2748">
    <p class='ocr_par' dir='ltr' id='par_1_8' title="bbox 270 2667 1365 2748">
     <span class='ocr_line' id='line_1_24' title="bbox 270 2667 1365 2748; baseline -0.003 -20"><span class='ocrx_word' id='word_1_195' title='bbox 270 2669 376 2748; x_wconf 79' lang='lat' dir='ltr'><strong>Neque</strong></span> <span class='ocrx_word' id='word_1_196' title='bbox 395 2687 464 2729; x_wconf 86' lang='lat' dir='ltr'><strong>vero</strong></span> <span class='ocrx_word' id='word_1_197' title='bbox 477 2669 604 2747; x_wconf 88' lang='lat' dir='ltr'><strong>reliquos</strong></span> <span class='ocrx_word' id='word_1_198' title='bbox 617 2670 761 2730; x_wconf 83' lang='lat' dir='ltr'><strong>duntaxat</strong></span> <span class='ocrx_word' id='word_1_199' title='bbox 774 2672 882 2728; x_wconf 88' lang='lat' dir='ltr'><strong>mensis</strong></span> <span class='ocrx_word' id='word_1_200' title='bbox 903 2669 965 2728; x_wconf 87' lang='lat' dir='ltr'><strong>dies</strong></span> <span class='ocrx_word' id='word_1_201' title='bbox 983 2670 1096 2741; x_wconf 89' lang='lat' dir='ltr'><strong>morati,</strong></span> <span class='ocrx_word' id='word_1_202' title='bbox 1117 2667 1169 2728; x_wconf 87' lang='lat' dir='ltr'><strong>sed</strong></span> <span class='ocrx_word' id='word_1_203' title='bbox 1191 2667 1300 2727; x_wconf 89' lang='lat' dir='ltr'><strong>Martio</strong></span> <span class='ocrx_word' id='word_1_204' title='bbox 1317 2667 1365 2727; x_wconf 81' lang='lat' dir='ltr'><strong>de</strong></span> 
     </span>
    </p>
   </div>
   <div class='ocr_carea' id='block_1_7' title="bbox 267 2761 1467 2852">
    <p class='ocr_par' dir='ltr' id='par_1_9' title="bbox 267 2761 1467 2852">
     <span class='ocr_line' id='line_1_25' title="bbox 267 2761 1467 2852; baseline -0.005 -30"><span class='ocrx_word' id='word_1_205' title='bbox 267 2780 349 2822; x_wconf 88' lang='lat' dir='ltr'><strong>mum</strong></span> <span class='ocrx_word' id='word_1_206' title='bbox 370 2762 493 2841; x_wconf 84' lang='lat' dir='ltr'><strong>profecti</strong></span> <span class='ocrx_word' id='word_1_207' title='bbox 515 2781 635 2823; x_wconf 84' lang='lat' dir='ltr'><strong>sumus:</strong></span> <span class='ocrx_word' id='word_1_208' title='bbox 657 2763 740 2842; x_wconf 90' lang='lat' dir='ltr'><strong>cujus</strong></span> <span class='ocrx_word' id='word_1_209' title='bbox 762 2763 804 2822; x_wconf 92' lang='lat' dir='ltr'><strong>rei</strong></span> <span class='ocrx_word' id='word_1_210' title='bbox 821 2773 927 2822; x_wconf 87' lang='lat' dir='ltr'><strong>testem</strong></span> <span class='ocrx_word' id='word_1_211' title='bbox 951 2763 1034 2821; x_wconf 92' lang='lat' dir='ltr'><strong>vobis</strong></span> <span class='ocrx_word' id='word_1_212' title='bbox 1055 2771 1188 2822; x_wconf 86' lang='lat' dir='ltr'><strong>senatum</strong></span> <span class='ocrx_word' id='word_1_213' title='bbox 1210 2761 1363 2820; x_wconf 84' lang='lat' dir='ltr'><strong>exhibebo.</strong></span> <span class='ocrx_word' id='word_1_214' title='bbox 1466 2833 1467 2852; x_wconf 13' lang='grc' dir='ltr'><strong>Χ</strong></span> 
     </span>
    </p>
   </div>
   <div class='ocr_carea' id='block_1_8' title="bbox 267 2851 1363 3024">
    <p class='ocr_par' dir='ltr' id='par_1_10' title="bbox 267 2851 1363 3024">
     <span class='ocr_line' id='line_1_26' title="bbox 267 2851 1363 2943; baseline -0.004 -31"><span class='ocrx_word' id='word_1_215' title='bbox 267 2853 564 2913; x_wconf 72' lang='lat' dir='ltr'><strong>senatusconsultum</strong></span> <span class='ocrx_word' id='word_1_216' title='bbox 576 2855 654 2912; x_wconf 90' lang='lat' dir='ltr'><strong>enim</strong></span> <span class='ocrx_word' id='word_1_217' title='bbox 672 2863 732 2943; x_wconf 73' lang='lat' dir='ltr'><strong>est,¹</strong></span> <span class='ocrx_word' id='word_1_218' title='bbox 746 2852 825 2932; x_wconf 89' lang='lat' dir='ltr'><strong>qnod</strong></span> <span class='ocrx_word' id='word_1_219' title='bbox 842 2853 956 2932; x_wconf 85' lang='lat' dir='ltr'><strong>legatos</strong></span> <span class='ocrx_word' id='word_1_220' title='bbox 977 2853 1016 2912; x_wconf 86' lang='lat' dir='ltr'><strong>ad</strong></span> <span class='ocrx_word' id='word_1_221' title='bbox 1028 2851 1202 2932; x_wconf 84' lang='lat' dir='ltr'><strong>exigendum</strong></span> <span class='ocrx_word' id='word_1_222' title='bbox 1215 2852 1363 2932; x_wconf 77' lang='lat' dir='ltr'><strong>jusjuran-</strong></span> 
     </span>
     <span class='ocr_line' id='line_1_27' title="bbox 267 2943 1054 3024; baseline -0.003 -20"><span class='ocrx_word' id='word_1_223' title='bbox 267 2945 338 3004; x_wconf 87' lang='lat' dir='ltr'><strong>dum</strong></span> <span class='ocrx_word' id='word_1_224' title='bbox 352 2945 533 3024; x_wconf 89' lang='lat' dir='ltr'><strong>abirejubet.</strong></span> <span class='ocrx_word' id='word_1_225' title='bbox 555 2945 662 3004; x_wconf 90' lang='lat' dir='ltr'><strong>Recita</strong></span> <span class='ocrx_word' id='word_1_226' title='bbox 675 2943 746 3004; x_wconf 90' lang='lat' dir='ltr'><strong>mihi</strong></span> <span class='ocrx_word' id='word_1_227' title='bbox 758 2944 1054 3004; x_wconf 88' lang='lat' dir='ltr'><strong>senatusconsultum.</strong></span> 
     </span>
    </p>
   </div>
   <div class='ocr_carea' id='block_1_9' title="bbox 581 3145 1043 3208">
    <p class='ocr_par' dir='ltr' id='par_1_11' title="bbox 581 3145 1043 3208">
     <span class='ocr_line' id='line_1_28' title="bbox 581 3145 1043 3208; baseline 0.004 -3"><span class='ocrx_word' id='word_1_228' title='bbox 581 3145 1043 3208; x_wconf 87' lang='lat' dir='ltr'><strong>SENATUSCONSULTUM.</strong></span> 
     </span>
    </p>
   </div>
   <div class='ocr_carea' id='block_1_10' title="bbox 267 3272 923 3352">
    <p class='ocr_par' dir='ltr' id='par_1_12' title="bbox 267 3272 923 3352">
     <span class='ocr_line' id='line_1_29' title="bbox 267 3272 923 3352; baseline 0.005 -19"><span class='ocrx_word' id='word_1_229' title='bbox 267 3275 363 3334; x_wconf 86' lang='lat' dir='ltr'><strong>Etiam</strong></span> <span class='ocrx_word' id='word_1_230' title='bbox 376 3283 490 3351; x_wconf 84' lang='lat' dir='ltr'><strong>tempus</strong></span> <span class='ocrx_word' id='word_1_231' title='bbox 504 3272 605 3345; x_wconf 81' lang='lat' dir='ltr'><strong>recita,</strong></span> <span class='ocrx_word' id='word_1_232' title='bbox 619 3274 768 3352; x_wconf 90' lang='lat' dir='ltr'><strong>quodnam</strong></span> <span class='ocrx_word' id='word_1_233' title='bbox 783 3277 814 3337; x_wconf 93' lang='lat' dir='ltr'><strong>id</strong></span> <span class='ocrx_word' id='word_1_234' title='bbox 827 3277 923 3336; x_wconf 86' lang='lat' dir='ltr'><strong>fuerit.</strong></span> 
     </span>
    </p>
   </div>
   <div class='ocr_carea' id='block_1_11' title="bbox 719 3429 901 3489">
    <p class='ocr_par' dir='ltr' id='par_1_13' title="bbox 719 3429 901 3489">
     <span class='ocr_line' id='line_1_30' title="bbox 719 3429 901 3489; baseline -0.005 -1"><span class='ocrx_word' id='word_1_235' title='bbox 719 3429 901 3489; x_wconf 87' lang='lat' dir='ltr'><strong>TEMPUS.</strong></span> 
     </span>
    </p>
   </div>
   <div class='ocr_carea' id='block_1_12' title="bbox 264 3553 1467 3636">
    <p class='ocr_par' dir='ltr' id='par_1_14' title="bbox 264 3553 1467 3636">
     <span class='ocr_line' id='line_1_31' title="bbox 264 3553 1467 3636; baseline 0.003 -22"><span class='ocrx_word' id='word_1_236' title='bbox 264 3554 392 3627; x_wconf 89' lang='lat' dir='ltr'><strong>Auditis,</strong></span> <span class='ocrx_word' id='word_1_237' title='bbox 402 3553 460 3614; x_wconf 89' lang='lat' dir='ltr'><strong>boc</strong></span> <span class='ocrx_word' id='word_1_238' title='bbox 470 3553 559 3613; x_wconf 84' lang='lat' dir='ltr'><strong>fuisse</strong></span> <span class='ocrx_word' id='word_1_239' title='bbox 575 3555 724 3614; x_wconf 91' lang='lat' dir='ltr'><strong>decretum</strong></span> <span class='ocrx_word' id='word_1_240' title='bbox 739 3575 795 3615; x_wconf 90' lang='lat'><strong>111.</strong></span> <span class='ocrx_word' id='word_1_241' title='bbox 810 3557 920 3616; x_wconf 87' lang='lat' dir='ltr'><strong>Martii.</strong></span> <span class='ocrx_word' id='word_1_242' title='bbox 949 3556 1155 3636; x_wconf 87' lang='lat' dir='ltr'><strong>Cersobleptes</strong></span> <span class='ocrx_word' id='word_1_243' title='bbox 1176 3566 1272 3616; x_wconf 89' lang='lat' dir='ltr'><strong>autem</strong></span> <span class='ocrx_word' id='word_1_244' title='bbox 1284 3567 1357 3635; x_wconf 92' lang='lat' dir='ltr'><strong>quot</strong></span> <span class='ocrx_word' id='word_1_245' title='bbox 1466 3607 1467 3618; x_wconf 67' lang='grc'>,</span> 
     </span>
    </p>
   </div>
   <div class='ocr_carea' id='block_1_13' title="bbox 261 3644 1355 4553">
    <p class='ocr_par' dir='ltr' id='par_1_15' title="bbox 261 3644 1355 4553">
     <span class='ocr_line' id='line_1_32' title="bbox 264 3644 1355 3727; baseline 0 -20"><span class='ocrx_word' id='word_1_246' title='bbox 264 3646 369 3707; x_wconf 84' lang='lat' dir='ltr'><strong>diebus</strong></span> <span class='ocrx_word' id='word_1_247' title='bbox 383 3656 450 3706; x_wconf 87' lang='lat' dir='ltr'><strong>ante</strong></span> <span class='ocrx_word' id='word_1_248' title='bbox 464 3644 615 3726; x_wconf 89' lang='lat' dir='ltr'><strong>imperium</strong></span> <span class='ocrx_word' id='word_1_249' title='bbox 629 3645 775 3718; x_wconf 87' lang='lat' dir='ltr'><strong>amiserat,</strong></span> <span class='ocrx_word' id='word_1_250' title='bbox 790 3668 878 3727; x_wconf 90' lang='lat' dir='ltr'><strong>quam</strong></span> <span class='ocrx_word' id='word_1_251' title='bbox 892 3667 949 3727; x_wconf 83' lang='lat' dir='ltr'><strong>ego</strong></span> <span class='ocrx_word' id='word_1_252' title='bbox 969 3647 1170 3708; x_wconf 73' lang='lat' dir='ltr'><strong>discederem?</strong></span> <span class='ocrx_word' id='word_1_253' title='bbox 1191 3647 1233 3707; x_wconf 93' lang='lat' dir='ltr'><strong>Ut</strong></span> <span class='ocrx_word' id='word_1_254' title='bbox 1245 3647 1355 3707; x_wconf 88' lang='lat' dir='ltr'><strong>Chares</strong></span> 
     </span>
     <span class='ocr_line' id='line_1_33' title="bbox 264 3737 1354 3818; baseline 0.002 -22"><span class='ocrx_word' id='word_1_255' title='bbox 264 3737 430 3817; x_wconf 90' lang='lat' dir='ltr'><strong>imperator,</strong></span> <span class='ocrx_word' id='word_1_256' title='bbox 450 3748 480 3796; x_wconf 91' lang='lat' dir='ltr'><strong>et</strong></span> <span class='ocrx_word' id='word_1_257' title='bbox 502 3737 594 3798; x_wconf 76' lang='lat' dir='ltr'><strong>literne</strong></span> <span class='ocrx_word' id='word_1_258' title='bbox 612 3738 752 3808; x_wconf 84' lang='lat' dir='ltr'><strong>indicant,</strong></span> <span class='ocrx_word' id='word_1_259' title='bbox 772 3741 865 3818; x_wconf 88' lang='lat' dir='ltr'><strong>priore</strong></span> <span class='ocrx_word' id='word_1_260' title='bbox 890 3759 999 3809; x_wconf 88' lang='lat' dir='ltr'><strong>mense,</strong></span> <span class='ocrx_word' id='word_1_261' title='bbox 1024 3740 1048 3798; x_wconf 90' lang='lat' dir='ltr'><strong>si</strong></span> <span class='ocrx_word' id='word_1_262' title='bbox 1071 3739 1160 3799; x_wconf 87' lang='lat' dir='ltr'><strong>modo</strong></span> <span class='ocrx_word' id='word_1_263' title='bbox 1181 3739 1354 3798; x_wconf 87' lang='lat' dir='ltr'><strong>Februarius</strong></span> 
     </span>
     <span class='ocr_line' id='line_1_34' title="bbox 264 3827 1353 3911; baseline 0 -24"><span class='ocrx_word' id='word_1_264' title='bbox 264 3829 373 3889; x_wconf 87' lang='lat' dir='ltr'><strong>Martio</strong></span> <span class='ocrx_word' id='word_1_265' title='bbox 385 3829 463 3907; x_wconf 91' lang='lat' dir='ltr'><strong>prior</strong></span> <span class='ocrx_word' id='word_1_266' title='bbox 482 3838 537 3888; x_wconf 91' lang='lat' dir='ltr'><strong>est.</strong></span> <span class='ocrx_word' id='word_1_267' title='bbox 560 3830 639 3909; x_wconf 83' lang='lat' dir='ltr'><strong>Ergo</strong></span> <span class='ocrx_word' id='word_1_268' title='bbox 653 3849 691 3890; x_wconf 92' lang='lat' dir='ltr'><strong>ne</strong></span> <span class='ocrx_word' id='word_1_269' title='bbox 705 3831 927 3910; x_wconf 89' lang='lat' dir='ltr'><strong>Cersobleptem</strong></span> <span class='ocrx_word' id='word_1_270' title='bbox 941 3835 997 3910; x_wconf 76' lang='lat' dir='ltr'><strong>ego</strong></span> <span class='ocrx_word' id='word_1_271' title='bbox 1013 3849 1184 3892; x_wconf 84' lang='lat' dir='ltr'><strong>conservare</strong></span> <span class='ocrx_word' id='word_1_272' title='bbox 1197 3831 1289 3911; x_wconf 87' lang='lat' dir='ltr'><strong>potul,</strong></span> <span class='ocrx_word' id='word_1_273' title='bbox 1306 3827 1353 3908; x_wconf 89' lang='lat' dir='ltr'><strong>qui</strong></span> 
     </span>
     <span class='ocr_line' id='line_1_35' title="bbox 263 3920 1353 4002; baseline 0.001 -21"><span class='ocrx_word' id='word_1_274' title='bbox 263 3929 332 3982; x_wconf 84' lang='lat' dir='ltr'><strong>ante</strong></span> <span class='ocrx_word' id='word_1_275' title='bbox 352 3939 399 3979; x_wconf 90' lang='lat' dir='ltr'><strong>me</strong></span> <span class='ocrx_word' id='word_1_276' title='bbox 413 3920 500 3980; x_wconf 89' lang='lat' dir='ltr'><strong>domo</strong></span> <span class='ocrx_word' id='word_1_277' title='bbox 518 3940 667 3998; x_wconf 83' lang='lat' dir='ltr'><strong>egressum</strong></span> <span class='ocrx_word' id='word_1_278' title='bbox 680 3923 814 4002; x_wconf 87' lang='lat' dir='ltr'><strong>perierat.</strong></span> <span class='ocrx_word' id='word_1_279' title='bbox 847 3923 885 3981; x_wconf 92' lang='lat' dir='ltr'><strong>Et</strong></span> <span class='ocrx_word' id='word_1_280' title='bbox 898 3924 1006 4002; x_wconf 88' lang='lat' dir='ltr'><strong>putatis</strong></span> <span class='ocrx_word' id='word_1_281' title='bbox 1020 3923 1105 3982; x_wconf 87' lang='lat' dir='ltr'><strong>istum</strong></span> <span class='ocrx_word' id='word_1_282' title='bbox 1124 3922 1233 3999; x_wconf 90' lang='lat' dir='ltr'><strong>aliquid</strong></span> <span class='ocrx_word' id='word_1_283' title='bbox 1248 3921 1353 3982; x_wconf 84' lang='lat' dir='ltr'><strong>dixisse</strong></span> 
     </span>
     <span class='ocr_line' id='line_1_36' title="bbox 264 4011 1354 4092; baseline 0.003 -23"><span class='ocrx_word' id='word_1_284' title='bbox 264 4011 324 4070; x_wconf 88' lang='lat' dir='ltr'><strong>veri</strong></span> <span class='ocrx_word' id='word_1_285' title='bbox 337 4011 481 4081; x_wconf 87' lang='lat' dir='ltr'><strong>derebus,</strong></span> <span class='ocrx_word' id='word_1_286' title='bbox 493 4011 553 4071; x_wconf 86' lang='lat' dir='ltr'><strong>sive</strong></span> <span class='ocrx_word' id='word_1_287' title='bbox 566 4013 596 4071; x_wconf 90' lang='lat' dir='ltr'><strong>in</strong></span> <span class='ocrx_word' id='word_1_288' title='bbox 610 4012 799 4084; x_wconf 89' lang='lat' dir='ltr'><strong>Macedonia,</strong></span> <span class='ocrx_word' id='word_1_289' title='bbox 811 4013 872 4073; x_wconf 86' lang='lat' dir='ltr'><strong>sive</strong></span> <span class='ocrx_word' id='word_1_290' title='bbox 886 4015 913 4072; x_wconf 90' lang='lat' dir='ltr'><strong>in</strong></span> <span class='ocrx_word' id='word_1_291' title='bbox 928 4013 1081 4074; x_wconf 86' lang='lat' dir='ltr'><strong>Thessalia</strong></span> <span class='ocrx_word' id='word_1_292' title='bbox 1093 4013 1177 4083; x_wconf 86' lang='lat' dir='ltr'><strong>actis,</strong></span> <span class='ocrx_word' id='word_1_293' title='bbox 1190 4013 1240 4092; x_wconf 93' lang='lat' dir='ltr'><strong>qui</strong></span> <span class='ocrx_word' id='word_1_294' title='bbox 1254 4021 1354 4073; x_wconf 75' lang='lat' dir='ltr'><strong>contra</strong></span> 
     </span>
     <span class='ocr_line' id='line_1_37' title="bbox 262 4097 1352 4184; baseline 0.005 -27"><span class='ocrx_word' id='word_1_295' title='bbox 262 4101 384 4173; x_wconf 88' lang='lat' dir='ltr'><strong>curiam,</strong></span> <span class='ocrx_word' id='word_1_296' title='bbox 397 4112 500 4162; x_wconf 87' lang='lat' dir='ltr'><strong>contra</strong></span> <span class='ocrx_word' id='word_1_297' title='bbox 523 4103 641 4181; x_wconf 87' lang='lat' dir='ltr'><strong>publica</strong></span> <span class='ocrx_word' id='word_1_298' title='bbox 662 4106 849 4177; x_wconf 89' lang='lat' dir='ltr'><strong>monimenta,</strong></span> <span class='ocrx_word' id='word_1_299' title='bbox 870 4116 971 4164; x_wconf 89' lang='lat' dir='ltr'><strong>contra</strong></span> <span class='ocrx_word' id='word_1_300' title='bbox 989 4115 1114 4184; x_wconf 87' lang='lat' dir='ltr'><strong>tempus,</strong></span> <span class='ocrx_word' id='word_1_301' title='bbox 1137 4117 1238 4166; x_wconf 89' lang='lat' dir='ltr'><strong>contra</strong></span> <span class='ocrx_word' id='word_1_302' title='bbox 1254 4097 1352 4184; x_wconf 80' lang='lat' dir='ltr'><strong>populi</strong></span> 
     </span>
     <span class='ocr_line' id='line_1_38' title="bbox 263 4184 1351 4278; baseline 0.006 -29"><span class='ocrx_word' id='word_1_303' title='bbox 263 4202 423 4250; x_wconf 86' lang='lat' dir='ltr'><strong>conventus</strong></span> <span class='ocrx_word' id='word_1_304' title='bbox 447 4192 625 4251; x_wconf 68' lang='lat' dir='ltr'><strong>mentiatur?</strong></span> <span class='ocrx_word' id='word_1_305' title='bbox 645 4193 690 4252; x_wconf 89' lang='lat' dir='ltr'><strong>Tu</strong></span> <span class='ocrx_word' id='word_1_306' title='bbox 710 4197 930 4278; x_wconf 87' lang='lat' dir='ltr'><strong>Cersobleptem</strong></span> <span class='ocrx_word' id='word_1_307' title='bbox 944 4184 1066 4255; x_wconf 82' lang='lat' dir='ltr'><strong>Athenis</strong></span> <span class='ocrx_word' id='word_1_308' title='bbox 1087 4196 1194 4258; x_wconf 82' lang='lat' dir='ltr'><strong>foedere</strong></span> <span class='ocrx_word' id='word_1_309' title='bbox 1218 4195 1351 4256; x_wconf 83' lang='lat' dir='ltr'><strong>exclude·</strong></span> 
     </span>
     <span class='ocr_line' id='line_1_39' title="bbox 261 4279 1351 4365; baseline 0.006 -26"><span class='ocrx_word' id='word_1_310' title='bbox 261 4279 325 4349; x_wconf 86' lang='lat' dir='ltr'><strong>bas,</strong></span> <span class='ocrx_word' id='word_1_311' title='bbox 340 4298 405 4337; x_wconf 87' lang='lat' dir='ltr'><strong>curn</strong></span> <span class='ocrx_word' id='word_1_312' title='bbox 418 4302 528 4361; x_wconf 87' lang='lat' dir='ltr'><strong>praeses</strong></span> <span class='ocrx_word' id='word_1_313' title='bbox 543 4303 642 4343; x_wconf 86' lang='lat' dir='ltr'><strong>esses:</strong></span> <span class='ocrx_word' id='word_1_314' title='bbox 665 4287 798 4365; x_wconf 91' lang='lat' dir='ltr'><strong>ejusdem</strong></span> <span class='ocrx_word' id='word_1_315' title='bbox 813 4287 883 4346; x_wconf 91' lang='lat' dir='ltr'><strong>Orei</strong></span> <span class='ocrx_word' id='word_1_316' title='bbox 902 4297 930 4346; x_wconf 92' lang='lat' dir='ltr'><strong>te</strong></span> <span class='ocrx_word' id='word_1_317' title='bbox 952 4287 1166 4348; x_wconf 85' lang='lat' dir='ltr'><strong>miserescebat.</strong></span> <span class='ocrx_word' id='word_1_318' title='bbox 1200 4287 1288 4348; x_wconf 85' lang='lat' dir='ltr'><strong>Nunc</strong></span> <span class='ocrx_word' id='word_1_319' title='bbox 1307 4307 1351 4346; x_wconf 88' lang='lat' dir='ltr'><strong>me</strong></span> 
     </span>
     <span class='ocr_line' id='line_1_40' title="bbox 262 4371 1351 4463; baseline 0.005 -29"><span class='ocrx_word' id='word_1_320' title='bbox 262 4371 434 4449; x_wconf 77' lang='lat' dir='ltr'><strong>corruptelae</strong></span> <span class='ocrx_word' id='word_1_321' title='bbox 447 4394 587 4436; x_wconf 82' lang='lat' dir='ltr'><strong>accusas:</strong></span> <span class='ocrx_word' id='word_1_322' title='bbox 608 4380 689 4457; x_wconf 85' lang='lat' dir='ltr'><strong>prius</strong></span> <span class='ocrx_word' id='word_1_323' title='bbox 704 4389 803 4439; x_wconf 88' lang='lat' dir='ltr'><strong>autem</strong></span> <span class='ocrx_word' id='word_1_324' title='bbox 822 4379 960 4440; x_wconf 85' lang='lat' dir='ltr'><strong>mulctam</strong></span> <span class='ocrx_word' id='word_1_325' title='bbox 976 4382 1012 4439; x_wconf 85' lang='lat' dir='ltr'><strong>ab</strong></span> <span class='ocrx_word' id='word_1_326' title='bbox 1028 4379 1236 4463; x_wconf 80' lang='lat' dir='ltr'><strong>Areopagitica</strong></span> <span class='ocrx_word' id='word_1_327' title='bbox 1249 4391 1351 4440; x_wconf 88' lang='lat' dir='ltr'><strong>senatu</strong></span> 
     </span>
     <span class='ocr_line' id='line_1_41' title="bbox 262 4462 1351 4553; baseline 0.009 -30"><span class='ocrx_word' id='word_1_328' title='bbox 262 4462 402 4524; x_wconf 86' lang='lat' dir='ltr'><strong>inflictam</strong></span> <span class='ocrx_word' id='word_1_329' title='bbox 416 4466 556 4543; x_wconf 79' lang='lat' dir='ltr'><strong>tolerasti,</strong></span> <span class='ocrx_word' id='word_1_330' title='bbox 569 4487 628 4532; x_wconf 89' lang='lat' dir='ltr'><strong>non</strong></span> <span class='ocrx_word' id='word_1_331' title='bbox 642 4481 814 4550; x_wconf 88' lang='lat' dir='ltr'><strong>persecutus</strong></span> <span class='ocrx_word' id='word_1_332' title='bbox 828 4475 955 4536; x_wconf 80' lang='lat' dir='ltr'><strong>vulneris</strong></span> <span class='ocrx_word' id='word_1_333' title='bbox 969 4473 1123 4549; x_wconf 86' lang='lat' dir='ltr'><strong>actionem,</strong></span> <span class='ocrx_word' id='word_1_334' title='bbox 1144 4493 1204 4553; x_wconf 90' lang='lat' dir='ltr'><strong>qua</strong></span> <span class='ocrx_word' id='word_1_335' title='bbox 1216 4491 1296 4536; x_wconf 90' lang='lat' dir='ltr'><strong>reum</strong></span> <span class='ocrx_word' id='word_1_336' title='bbox 1310 4473 1351 4534; x_wconf 83' lang='lat' dir='ltr'><strong>ie·</strong></span> 
     </span>
    </p>
   </div>
   <div class='ocr_carea' id='block_1_14' title="bbox 0 0 1488 5017">
    <p class='ocr_par' dir='ltr' id='par_1_16' title="bbox 0 0 1488 5017">
     <span class='ocr_line' id='line_1_42' title="bbox 0 0 1488 5017; baseline 0 4"><span class='ocrx_word' id='word_1_337' title='bbox 0 0 1488 5017; x_wconf 95' lang='lat' dir='ltr'><strong> </strong></span> 
     </span>
    </p>
   </div>
  </div>
 </body>
</html>
