2967 5017
471 341 514 402 tu
533 339 869 404 O'PBSIPHONTEM.
1178 345 1216 406 93

126 490 215 556 tomo
227 493 453 574 procacissimus
464 504 507 567 et,
520 507 555 556 ut
565 494 635 556 milti
647 493 812 566 videbatur,
825 496 919 558 omnis
932 496 1073 561 domine
1091 494 1219 557 liberalis

126 603 241 663 expers,
254 583 387 648 fortassis
399 587 487 649 etism
500 606 520 648 a
531 586 591 647 deo
602 587 700 666 sliquo
712 588 787 648 irem
799 587 831 647 in
852 588 928 648 hunc
943 587 1099 648 amentiam
1114 587 1218 667 impul·

127 695 191 746 sus,
216 679 392 751 omuino,
417 679 452 740 si
489 667 714 759 snpe'retis,
749 679 855 758 iuquit,
880 699 960 739 -ros
997 679 1138 762 Graeci,
1176 700 1220 741 ne

118 762 794 848 nomeuquidem·Atheniensium
822 771 884 832 his
919 773 1067 832 diebus
1101 773 1219 834 nonti-

128 863 297 934 notetis,
321 864 391 924 sed
411 884 478 924 eos
497 875 670 942 tanquam
693 863 841 944 impios
864 877 900 924 et
920 866 1220 924 conteminstos

128 956 277 1035 templo
304 956 602 1016 exturbaretis.
651 955 690 1015 Et
709 955 796 1016 simul
822 955 1017 1016 Phocensium
1039 957 1220 1028 societatem,

126 1067 216 1125 quom
232 1048 375 1127 Crobylus
389 1048 437 1109 ille
451 1059 594 1119 suaserat,
607 1049 866 1118 commemorabat,
881 1049 1031 1127 multaque
1046 1050 1103 1110 ulia
1116 1053 1222 1112 acerbo

126 1149 157 1199 et
179 1140 283 1200 otliosa
304 1141 335 1200 'tn
355 1141 502 1202 civitatem
523 1151 653 1200 nostrum
674 1143 876 1218 expromebat,
902 1161 937 1200 ee
953 1149 1133 1220 'percensens
1155 1163 1222 1221 quse

126 1251 222 1310 neque
235 1242 306 1293 tunc
320 1253 405 1292 aures
426 1253 499 1291 meae
514 1233 657 1292 sustinere
672 1243 816 1309 poterent,
828 1253 925 1310 neque
939 1235 1172 1296 nuncmemorie
1186 1236 1220 1294 li·

126 1324 229 1383 beuter
241 1325 348 1382 excito.
380 1323 528 1382 Caeterum
551 1324 596 1382 his
615 1325 733 1393 cuditis,
746 1334 830 1384 tenta
846 1343 902 1401 ego
926 1325 969 1383 ire
991 1330 1096 1398 exarsi,
1110 1339 1221 1406 quanto

126 1434 276 1492 nunquam
291 1415 364 1474 elios
377 1435 430 1494 per
449 1426 544 1476 totum
558 1417 624 1476 vitoe
642 1436 715 1476 mese
738 1435 866 1476 crtrsum.
903 1419 1004 1496 Atque
1025 1419 1083 1476 elle
1101 1421 1219 1496 quidem

125 1525 194 1583 quse
205 1517 268 1564 tum
281 1505 398 1565 locutus
407 1526 473 1566 sum
486 1510 726 1585 prsetermittsm:
749 1527 848 1568 verum
865 1509 902 1566 -iu
917 1519 1044 1568 mentem
1060 1509 1129 1567 mihi
1142 1511 1222 1570 venit

125 1597 380 1675 Amphissensium
401 1600 432 1657 in
456 1611 564 1660 terrem
587 1619 701 1660 sacrem
729 1600 885 1679 impietatis
911 1601 1010 1661 fecere
1030 1602 1219 1672 mentionem,

125 1707 206 1762 poure
216 1699 320 1747 terrosi
328 1691 432 1749 ecdem
445 1693 596 1769 evestigio
605 1693 634 1750 in
647 1711 706 1769 quo
719 1692 887 1752 insistebam
901 1693 1163 1771 Amphictyonibus
1177 1696 1221 1753 in·

126 1780 272 1841 dicabam.
310 1782 388 1840 Nem
402 1803 524 1863 campus
542 1785 691 1843 Cirrlusus
704 1785 814 1864 templo
829 1787 970 1860 subjacet,
984 1786 1109 1864 indeque
1128 1785 1220 1845 surrilis

126 1883 176 1932 est
187 1883 360 1958 conspectu.
381 1874 542 1946 Videtis,
556 1877 686 1954 inquom,
710 1878 1026 1959 Amphictyones,
1048 1897 1222 1956 campum

126 1965 231 2027 bunc
251 1969 297 2027 eb
317 1969 686 2047 Amphissensibus
707 1970 926 2041 excultum,
941 1971 1039 2028 uidetis
1056 1970 1221 2048 figlinas

126 2069 166 2118 et
186 2058 663 2122 diversorisexstructe
695 2063 1038 2123 cernitiscoulis
1062 2081 1221 2124 ssorum

126 2160 168 2208 et
201 2152 456 2212 sceleratum
489 2165 645 2233 portum
688 2155 799 2214 illum
833 2157 1036 2215 munitum.
1090 2156 1221 2216 Scitis

110 2242 221 2321 „ipsi,
245 2263 374 2324 neque
401 2246 498 2306 eliis
524 2249 705 2308 testibus
729 2249 877 2327 egetis,
900 2249 1008 2308 istos
1033 2267 1076 2308 ex
1105 2265 1223 2308 sacro

128 2346 249 2414 portu
281 2338 512 2418 vectigalia
538 2343 711 2419 exigere
736 2342 1040 2420 pecuniamque
1066 2359 1222 2419 cogere.

127 2426 222 2486 Simul
234 2429 269 2488 iis
288 2429 337 2488 ‹lei
350 2432 511 2503 oraculum,
523 2437 665 2507 majorum
684 2428 905 2513 jusjurandum,
925 2433 1156 2494 exsecrationem
1178 2433 1224 2492 lu·

97 2568 101 2578 .
126 2526 206 2576 ctum
229 2517 346 2578 recitari
370 2519 520 2597 jubebam,
540 2522 710 2599 plenissime
730 2533 868 2595 testatus,
894 2544 947 2584 ms
971 2544 1042 2603 pro
1070 2524 1224 2604 populo

130 2611 389 2683 Atheniensi,
419 2629 491 2688 pro
525 2630 591 2682 me,
618 2630 684 2689 pro
716 2613 867 2671 liberis
900 2615 1096 2694 domoque
1130 2634 1221 2686 msa,

128 2725 171 2765 ex
206 2703 402 2782 majorum
433 2701 717 2782 jurisjurandi
751 2703 1009 2782 prescripto,
1040 2704 1115 2764 deo
1149 2721 1221 2766 tsn-

127 2815 258 2874 rseque
297 2812 432 2864 socrus,
469 2794 668 2863 monibus,
708 2793 892 2871 pedibus,
925 2814 1030 2868 voce,
1067 2797 1223 2874 quibus·

128 2905 284 2966 cunque
314 2885 490 2961 denique
528 2885 648 2943 rebus
685 2903 860 2962 possem,
888 2903 999 2964 opem
1026 2887 1147 2960 ferre,
1184 2898 1223 2947 et

129 2981 342 3040 civitatem
379 2986 554 3035 nostram
589 2975 759 3054 piaculo
794 2974 989 3035 liberare:
1022 2997 1092 3037 ros
1118 2999 1221 3049 vero,

127 3073 247 3149 inquom
286 3069 404 3131 robis
441 3067 518 3147 ipsi
554 3067 766 3126 consulite.
797 3065 1106 3128 'canistrorum
1145 3071 1221 3149 jem

128 3175 258 3244 coepta
289 3172 337 3222 est
370 3162 654 3230 circumvectio,
688 3158 854 3218 edmotoe
890 3170 983 3221 sunt
1019 3162 1221 3222 alteribus

127 3256 283 3328 hostire,
309 3255 414 3314 bone
434 3264 517 3310 tum
536 3251 702 3331 publica
724 3259 803 3311 tum
829 3251 990 3329 private
1016 3273 1034 3313 o
1058 3253 1138 3314 diis
1160 3255 1222 3314 inr-

127 3343 368 3408 mortalibus
404 3345 506 3404 estis
534 3345 714 3423 petituri.
751 3342 1139 3424 Vobiscumitoque
1171 3365 1221 3406 re·

128 3449 289 3520 putate,
313 3457 390 3515 qus
412 3455 520 3506 voce,
548 3453 619 3513 qus
649 3445 783 3507 mente,
809 3435 956 3513 quibus
981 3436 1118 3508 oculis,
1144 3455 1223 3514 qus

129 3527 423 3591 fidentis'freti
451 3526 776 3606 supplicationes
801 3527 975 3598 facietis,
1002 3527 1035 3585 si
1063 3543 1222 3586 consce-

129 3627 281 3685 leretos
309 3622 468 3683 etdiris
507 3622 676 3680 devotos
706 3621 878 3680 homines
914 3618 1061 3678 inultos
1092 3618 1222 3680 dimit·

130 3717 242 3778 tetis.
264 3715 347 3776 Nou
370 3717 468 3775 enim
491 3714 658 3774 obscure
675 3713 751 3772 'sed
776 3711 1036 3790 apertissime
1056 3709 1096 3770 in
1119 3731 1221 3772 exse·

129 3813 310 3870 cretione
328 3807 523 3887 scriptum
549 3816 620 3875 est,
643 3804 785 3885 quibus
811 3801 894 3861 sint
916 3801 1117 3862 officiendi
1139 3817 1222 3882 sup·

129 3901 274 3981 pliciis
301 3911 377 3960 tum
404 3899 613 3977 sacrilegi,
640 3907 718 3956 turn
746 3897 773 3955 ii
802 3893 864 3973 qui
893 3895 1057 3970 impietatem
1083 3895 1223 3974 permi-

128 3995 273 4066 serint,
297 4013 341 4052 ec
368 4003 570 4073 postrema
594 3987 893 4050 exsecrationis
921 3985 1114 4047 clausule
1141 3997 1221 4046 est:

129 4089 182 4149 Nur
204 4104 292 4148 rous
313 4087 450 4165 inquit
470 4103 619 4145 cursuro
634 4086 812 4152 Aronutur,
835 4081 967 4152 Draus,
988 4079 1226 4155 Lsroun,M1·

130 4200 251 4242 secun
276 4197 442 4251 rnovtnn,
466 4199 526 4245 our
556 4197 626 4238 nou
651 4193 768 4237 rmuss
791 4193 1000 4249 executurus,
1028 4195 1139 4242 uncus
1166 4193 1223 4235 rurs

131 4293 250 4335 sonuit
272 4291 379 4332 secus
402 4290 553 4331 eccum
579 4287 696 4332 suuro.
753 4279 759 4288 “

172 4365 223 4426 39.
247 4365 326 4431 cnm
346 4365 411 4425 hoec
423 4374 455 4426 et
469 4364 526 4425 slis
546 4361 714 4446 hujusmodi
727 4360 986 4432 multedlxissem,
1006 4362 1082 4421 cessi
1105 4362 1223 4422 tandem
1335 4420 1339 4428 ,

130 4463 218 4538 litque
234 4479 251 4517 e
268 4474 412 4518 consessu
431 4457 572 4536 migravi:
594 4456 704 4517 clemor
720 4453 801 4514 utico
819 4454 922 4533 ingens
943 4461 973 4512 et
993 4451 1124 4515 fremitus
1146 4454 1223 4514 inter
