2967 5017
273 325 315 384 94
634 321 682 380 IN
707 319 1047 384 CTESIPHONTEM.
1094 347 1097 354 ·

272 475 504 556 harphietyouur
514 485 633 538 coortus
646 487 702 547 est,
711 495 807 556 neque
813 476 875 555 jum
889 475 928 536 de
940 475 1060 556 clypeis,
1070 492 1145 554 quos
1155 473 1383 546 dicaveram,

275 567 330 628 sed
347 567 387 626 de
400 567 497 646 poenis
514 569 552 627 ab
570 566 831 647 Amphissensrbus
851 567 1002 627 sumendis
1019 568 1170 646 ugebstrrr.
1212 567 1269 626 Die
1283 567 1384 644 igitur

270 659 332 738 jem
345 670 493 739 prosecta,
507 678 605 738 preco
624 660 787 740 procedens
809 645 967 728 nunciavit,
988 669 1023 718 ut
1042 669 1186 738 quotquot
1204 678 1222 718 e
1243 659 1380 738 Delphis

271 752 391 814 biennio
412 751 595 830 pubertatem
619 762 819 831 superassent,
833 762 895 810 tum
909 752 985 811 servi
1005 761 1068 810 tum
1089 750 1180 823 liberi,
1200 751 1301 822 stetim
1325 751 1380 811 ubi

199 908 206 922 ‚
270 843 422 916 diluxerit,
434 862 502 903 cum
522 844 646 904 feicibus
666 853 698 904 et
717 844 864 922 ligonibus
885 843 929 904 sd
943 843 1088 923 'ihyteum
1108 862 1195 923 quem
1218 843 1381 922 sppeiisut

271 936 369 995 locum
391 937 590 996 conuenirent.
617 937 727 996 iterum
739 937 818 996 idem
840 955 936 1016 prreco
950 935 1051 1008 edixit,
1065 945 1099 994 ut
1118 935 1379 994 hieromnemoues

270 1035 305 1087 et
321 1027 478 1109 Pyisgorsr
490 1027 597 1088 eodem
609 1027 741 1087 venirent
760 1028 816 1087 deo
835 1038 866 1087 et
885 1038 970 1088 terrae
991 1046 1082 1086 sacrm
1103 1026 1244 1085 auxilium
1266 1027 1378 1086 laturri:

231 1179 240 1194 x
271 1118 371 1197 siqua
389 1139 459 1178 reru
471 1119 575 1178 ciritus
593 1139 652 1178 uon
674 1119 800 1189 affuerit,
818 1119 927 1197 templo
949 1127 1104 1187 arceretur,
1129 1117 1275 1178 scelerata
1295 1119 1377 1200 soret

270 1217 303 1268 et
315 1210 509 1270 exsecrationi
519 1211 657 1270 obnoxie
695 1211 839 1270 Postridie
853 1229 939 1270 mene
952 1211 982 1268 in
1001 1210 1172 1288 predictum
1186 1210 1286 1270 locum
1301 1229 1376 1270 cou-

270 1302 415 1374 venimus,
428 1302 458 1361 in
472 1321 611 1382 campum
624 1301 787 1362 Cirrhoeum
802 1301 1020 1372 descendimus,
1034 1313 1064 1360 et
1077 1301 1185 1361 effosso
1199 1311 1286 1379 portu
1298 1301 1374 1360 mdi-

270 1390 403 1471 flciisque
424 1392 552 1454 incensis
563 1394 713 1453 rediimus.
749 1393 864 1452 interea
885 1392 955 1451 dum
976 1391 1039 1452 hmc
1053 1392 1178 1472 egimus,
1201 1393 1286 1453 Locri
1302 1395 1376 1452 Am·

271 1485 451 1563 phisseuses,
465 1487 517 1564 qui
540 1505 592 1544 nx.
606 1486 720 1544 circiter
732 1485 829 1545 stadia
849 1505 868 1544 e
888 1485 1011 1564 Delphis
1033 1485 1193 1555 distabunt,
1215 1486 1323 1546 armati
1342 1489 1373 1546 in

270 1595 331 1640 nos
340 1576 480 1656 impeturn
494 1577 627 1637 iecerunt
641 1577 780 1649 universi,
795 1585 825 1636 et
836 1576 892 1636 uisi
905 1577 934 1634 in
946 1576 1037 1655 pedes
1050 1569 1176 1654 coniecti
1189 1576 1238 1636 rix
1250 1577 1374 1638 tandem

141 1742 144 1751 Ι
270 1667 407 1746 Delphos
417 1669 661 1746 pervenissemus,
671 1666 834 1746 periculum
845 1677 924 1727 certe
937 1667 991 1726 init
1006 1688 1042 1726 ne
1052 1666 1185 1728 funditus
1199 1669 1374 1744 periremus.

272 1757 331 1818 Die
344 1759 475 1839 proximo
498 1760 676 1839 Cottyphus,
689 1761 741 1838 qui
755 1759 915 1820 sententiae
929 1757 1074 1837 suffragiis
1089 1759 1285 1837 permittebat,
1300 1780 1373 1820 con-

264 1850 385 1912 cionem
395 1852 500 1912 indicit
508 1853 770 1932 Amphictyonum:
786 1852 957 1914 concionem
967 1865 1063 1910 auteur
1074 1839 1235 1922 nirmiuent,
1248 1853 1373 1930 quando

267 1961 331 2004 uon
346 1945 442 2003 solum
456 1943 619 2024 Pyiugorss
632 1954 663 2004 et
684 1944 936 2004 hieromnemonus
951 1951 1125 2014 convocent,
1140 1944 1193 2003 sed
1215 1963 1268 2003 eos
1282 1944 1371 2004 etiam

172 2109 175 2116 Ι
269 2035 320 2114 qui
340 2055 426 2096 sacra
445 2036 532 2095 simul
551 2037 673 2106 iaciunt,
693 2036 802 2114 quique
823 2035 971 2094 oraculum
993 2034 1039 2095 dei
1065 2035 1183 2096 adeunt
1229 2036 1274 2094 Ibi
1302 2055 1372 2109 vero

270 2125 371 2186 muitis
383 2127 619 2198 accusationibus
633 2137 775 2206 urgentur
789 2125 1021 2208 Amphissepser,
1036 2137 1137 2186 nostru
1150 2128 1254 2187 civiter
1268 2139 1373 2188 contra

271 2218 387 2296 magnis
401 2219 539 2280 laudibus
551 2231 681 2280 ornatur.
715 2219 820 2280 Totius
840 2229 940 2280 autem
962 2217 1100 2278 cretionis
1122 2218 1171 2278 bic
1190 2219 1289 2279 exitus
1304 2221 1382 2302 fuit,

270 2309 437 2370 decernitur
452 2322 487 2371 ut
498 2311 750 2372 hieromnemones
773 2319 841 2370 ente
859 2309 1021 2387 proximum
1044 2309 1174 2389 Pyiaeum
1194 2330 1371 2372 consessum

266 2401 434 2460 constituto
448 2413 580 2479 tempore
593 2403 623 2459 in
635 2401 725 2479 Pylas
738 2402 860 2470 coirent,
873 2419 990 2478 unaque
1004 2401 1153 2461 decretum
1169 2401 1319 2481 afferrent,
1332 2423 1368 2462 ex

269 2509 329 2567 quo
342 2501 441 2550 essent
461 2491 687 2570 Amphisseuses
702 2492 846 2552 scelerum
861 2511 982 2552 sucrum
1003 2493 1033 2550 in
1053 2492 1141 2552 deum
1161 2493 1248 2572 inque
1264 2505 1370 2554 terram

267 2603 382 2645 sacrum
395 2599 429 2645 et
446 2584 678 2666 Amphictyones
699 2605 801 2665 poenus
822 2586 928 2646 daturi.
966 2587 1007 2645 Ut
1027 2595 1126 2646 autem
1146 2607 1215 2648 vere
1228 2607 1274 2648 ure
1287 2589 1371 2667 ioqui

269 2678 460 2758 pernoscetis,
474 2679 624 2739 decretum
638 2678 733 2758 ipsum
748 2679 832 2738 robis
846 2663 942 2739 scribis
955 2678 1097 2738 recitabit.

695 2882 941 2944 DECRETUM.

309 3021 359 3080 40.
381 3021 449 3081 Hoc
463 3022 551 3100 igitur
565 3021 685 3082 decreto
705 3023 820 3084 euobis
835 3036 897 3086 tum
911 3026 940 3083 in
955 3037 1057 3085 senatu
1071 3025 1323 3100 renuntiaturum
1337 3032 1367 3090 in

267 3113 411 3174 concione
424 3114 463 3174 ad
477 3114 617 3193 populum
637 3112 762 3192 prolato,
776 3127 806 3174 et
825 3117 989 3177 actionibus
1011 3118 1117 3178 nostris
1131 3139 1150 3178 s
1162 3105 1272 3199 populd
1286 3140 1367 3180 com-

267 3205 408 3283 probatis,
421 3215 451 3264 et
463 3205 600 3264 universe
612 3205 730 3264 civitate
744 3206 782 3264 ad
796 3208 925 3266 studium
938 3209 1053 3288 pietatis
1067 3211 1203 3282 excitate,
1222 3231 1289 3271 cunr
1304 3212 1366 3272 De·

269 3294 437 3354 mosthenes
454 3307 572 3374 propter
587 3295 729 3356 mercedis
742 3300 930 3376 sponsionem
946 3301 1023 3362 ilium
1038 3303 1280 3380 Amphisseuseru
1295 3323 1365 3364 con-

150 3384 153 3391 '
267 3385 435 3455 trudioeret,
453 3403 471 3443 e
486 3405 534 3444 me
547 3405 617 3445 vero
638 3406 739 3448 coram
753 3392 835 3450 vobis
858 3392 1010 3452 manifeste
1029 3404 1247 3472 coargueretur,
1268 3415 1364 3474 neque

261 3479 327 3558 jem
341 3490 442 3557 posset
462 3479 549 3538 homo
562 3479 593 3538 in
605 3483 762 3560 propatulo
777 3485 923 3544 civitatem
937 3486 1081 3566 decipere,
1096 3489 1242 3566 ingressus
1262 3489 1292 3547 in
1313 3509 1366 3548 cu-

267 3571 341 3629 rium
354 3581 385 3630 et
404 3573 556 3632 summotis
570 3572 689 3651 priuatis
703 3577 932 3654 praeconsultum
956 3589 1076 3638 senatus
1096 3580 1264 3650 scribendum
1284 3591 1367 3640 curat

268 3663 340 3724 etin
354 3665 524 3724 concionem
539 3665 643 3738 desert,
666 3667 729 3746 ejus
749 3669 797 3746 qui
813 3667 970 3749 scripserat
990 3671 1132 3750 imperitia
1152 3659 1278 3731 sbu'sus:
1300 3693 1365 3752 per-

267 3755 338 3816 fecit
350 3775 447 3834 porro,
461 3767 495 3816 ut
517 3756 574 3816 hoc
592 3759 688 3838 ipsum
712 3759 824 3820 sctum
845 3761 1029 3822 inconcione
1050 3762 1194 3842 suffragiis
1215 3765 1366 3842 permitte·

267 3856 347 3907 retur
361 3858 448 3924 utque
462 3867 481 3906 a
494 3849 604 3928 populo
618 3852 803 3923 scisceretur,
816 3872 881 3913 cum
897 3855 1069 3914 surrexisset
1085 3856 1148 3934 jam
1163 3856 1278 3926 concio,
1292 3876 1362 3936 ego-

264 3957 322 4016 que
332 3939 670 4020 discessissem—neque
681 3944 757 4002 euim
766 3963 894 4022 unquam
906 3966 1009 4024 passus
1022 3965 1168 4020 essem—,
1176 3946 1362 4008 multitudiue

258 4027 530 4107 ,deniquedirnissm
547 4033 632 4112 cujus
640 4035 757 4111 quidem
769 4035 833 4094 sciti
844 4047 933 4114 ceput
942 4037 997 4097 hoc
1010 4038 1078 4098 fuit:
1093 4039 1363 4100 hieromnemon

266 4120 359 4198 inquit
382 4122 682 4184 Atheniensium
709 4137 748 4185 et
769 4125 982 4206 Pylegoroe
1004 4141 1204 4210 quotquot
1239 4131 1275 4189 in
1301 4153 1363 4210 po-

267 4219 420 4270 sterum
444 4215 575 4275 futuri
598 4227 693 4277 sunt
718 4218 766 4277 ed
796 4218 911 4298 Pylas
936 4231 972 4290 et
1004 4221 1185 4301 Delphos
1213 4223 1362 4302 profici·

268 4312 434 4362 scantur
457 4305 508 4367 iis
535 4310 780 4388 temporibus
806 4330 887 4390 que
911 4332 929 4370 a
957 4313 1180 4391 majoribus
1208 4315 1362 4376 nostris

265 4395 487 4478 constitute
508 4411 611 4473 suut,
636 4402 724 4461 verbo
745 4403 864 4482 quidem
884 4405 1016 4478 honeste,
1036 4427 1073 4492 ren
1088 4407 1210 4488 turpiter
1226 4419 1257 4470 et
1278 4407 1360 4487 flugi-
