2967 5017
465 347 510 406 ur
534 315 882 409 cincinnorum(
1177 346 1215 404 er

122 499 233 562 sthenis
244 499 495 564 administratione
507 503 602 566 slsum
615 502 660 565 lri.
685 503 776 564 lstlns
788 504 895 570 etenim
910 504 941 562 in
956 519 1018 584 rep.
1033 499 1162 581 gerenda
1175 501 1217 566 ia·

121 591 243 664 stitutis,
256 593 380 665 classes,
389 593 546 665 exercitus,
559 595 646 653 nrbes
657 594 777 673 penitus
787 593 941 673 dissipate
956 603 1033 654 sant.

160 686 212 743 44.
232 684 293 743 Sed
312 703 407 763 neque
420 685 639 766 Phrynondam,
652 685 785 757 arbitror,
800 705 896 765 neque
919 687 1099 766 Eurybetum
1122 705 1218 764 neque

121 774 211 834 ehem
233 793 402 854 quenquam
413 795 515 844 eornm
535 778 586 855 qui
607 776 677 837 olim
696 771 885 862 improbitate
903 776 1107 837 excelluerunt
1127 777 1217 838 talem
1297 779 1301 787 “

120 883 240 944 magum
247 875 300 925 eut
307 867 547 946 praestigiatorem
556 868 963 944 mananseqsarisliesoerer
973 868 1218 946 est,qui,otellus,

120 973 141 1013 o
157 955 198 1014 dii
214 955 404 1032 immortales,
421 957 571 1020 demones
584 968 674 1038 etque
690 958 834 1029 homines,
847 959 1016 1038 quicunque
1029 977 1100 1020 vere
1117 961 1219 1020 audire

120 1046 246 1106 cumtisl
262 1046 373 1119 'audet
387 1067 421 1110 os
432 1060 564 1109 restrum
576 1049 689 1110 dheoto
707 1057 863 1123 contuens,
877 1051 959 1109 nudet
973 1050 1127 1120 affirmare,
1140 1049 1218 1111 The-

120 1139 215 1198 banos
238 1140 409 1201 societatem
432 1141 585 1201 vobiscum
607 1141 717 1213 iniisse,
737 1159 799 1202 non
818 1141 982 1221 temporum
1007 1142 1132 1215 retione,
1159 1160 1218 1201 non

119 1238 201 1288 metir
213 1228 345 1305 instanti,
355 1250 416 1291 non
425 1241 524 1291 restra
532 1231 745 1292 existimatione
755 1242 928 1306 commotos,
942 1232 995 1293 sed
1009 1232 1218 1293 Demosthenis

119 1321 309 1382 concionibus
322 1322 477 1382 sdductns·
498 1322 590 1403 Atqui
603 1322 793 1385 multassnte
814 1324 903 1384 istum
916 1324 1079 1402 legationes
1100 1325 1218 1385 Thebes

113 1411 253 1489 ⁴obierunt
265 1412 410 1484 homines,
424 1414 531 1492 quihus
546 1433 662 1475 summa
682 1434 750 1474 cum
769 1414 826 1475 illis
847 1414 1025 1480 familiariter
1042 1415 1218 1486 intercessit,

118 1504 215 1582 primo
228 1503 348 1583 quidem
358 1505 516 1585 imperetur
528 1507 579 1567 ille
588 1505 789 1588 Thrasybulus
800 1507 992 1588 Colyttensis,
1000 1505 1131 1585 sirapud
1141 1505 1219 1566 The·
1321 1552 1328 1562 .

119 1595 212 1653 henos
231 1595 292 1655 tide
311 1605 343 1656 et
362 1598 536 1658 auctoritate
558 1599 660 1660 valens
679 1609 716 1658 ut
736 1618 824 1660 nemo
843 1599 938 1660 alius:
961 1597 1068 1666 dende
1086 1597 1218 1658 'l'hrason

118 1687 295 1764 Erohiensis,
304 1689 413 1770 hospes
426 1692 562 1770 publicas
576 1693 802 1754 Thebanorum:
825 1693 992 1754 menemus
1003 1711 1090 1773 porro
1104 1693 1216 1754 Achar-

119 1781 230 1853 nensis,
252 1780 369 1842 dicendi
390 1783 498 1843 viribus
513 1785 708 1846 Demostheni
723 1803 783 1846 nou
804 1785 932 1856 inferior,
954 1805 988 1846 ac
1007 1785 1077 1844 mihi
1100 1783 1217 1864 quidem

118 1870 216 1946 multo
233 1873 351 1934 suavior
370 1873 452 1934 risus
474 1885 589 1936 oratore
612 1875 662 1937 hic
681 1874 888 1937 Archedemus
901 1875 1003 1950 Peles,
1022 1879 1086 1956 ipse
1100 1894 1218 1955 quoque

118 1964 266 2025 facundus
287 1967 382 2046 etqui
395 1966 490 2026 molta
509 1968 540 2027 in
551 1987 613 2047 rep.
627 1969 760 2048 gerenda
772 1963 892 2049 propter
910 1968 1067 2030 Tbebsuos
1087 1967 1218 2046 pericula

119 2055 209 2115 adiit:
230 2056 336 2117 ductor
347 2057 398 2117 ille
410 2058 562 2138 popularis
576 2059 757 2140 Aristophoa
773 2061 955 2132 Aueniensis,
968 2059 1019 2138 qni
1030 2059 1135 2139 perdiu
1149 2059 1219 2119 Βω-

119 2156 235 2206 ctorem
256 2149 388 2227 partibus
412 2150 758 2212 studiisse‘insimulstns
785 2162 850 2211 est:
878 2151 1066 2228 Pyrrhander
1092 2149 1218 2229 denique

118 2238 330 2318 Anaphlystius
344 2249 451 2312 orator,
465 2241 516 2321 qni
535 2242 624 2301 etiam
647 2261 730 2301 nuno
751 2241 831 2299 sirit.
873 2237 933 2297 Sed
947 2249 1046 2298 tamen
1063 2258 1150 2300 nemo
1163 2259 1218 2299 un·

118 2327 206 2408 quam
228 2347 266 2389 ex
288 2330 323 2390 i'u
347 2331 507 2390 Thebanos
527 2330 625 2406 potuit
644 2330 683 2389 sd
708 2339 838 2388 vestram
859 2329 1015 2390 amicitiam
1036 2331 1216 2408 perducere:

116 2439 238 2482 mnsam
250 2411 386 2498 equidem
400 2421 474 2492 scio,
488 2420 673 2500 sedproptsr
692 2439 794 2482 eorum
813 2420 995 2482 calamitates
1012 2439 1076 2484 oon
1095 2441 1219 2486 necesse

118 2523 167 2575 est
184 2529 340 2592 exponere.
373 2510 415 2567 At
425 2511 515 2582 enim,
527 2511 641 2589 opinor,
660 2522 815 2591 postquam
839 2512 993 2594 Philippus
1014 2513 1160 2575 adeum
1184 2514 1218 2575 iis

118 2605 251 2665 Nicaeam
263 2599 415 2662 Thessalis
429 2597 608 2671 tradidisset,
622 2601 800 2680 bellumque,
815 2603 895 2682 quod
908 2605 977 2664 olim
991 2623 1030 2664 ex
1049 2606 1216 2666 umerum

119 2696 227 2756 tinibus
247 2691 413 2772 depulerat,
424 2709 506 2750 nunc
518 2690 617 2752 denuo
629 2709 683 2771 per
703 2691 863 2752 Phocidem
883 2695 915 2752 in
934 2695 1014 2774 ipses
1035 2695 1150 2756 'Thebas
1171 2715 1217 2756 re-

117 2789 257 2860 vexisset,
270 2793 426 2865 postquam
439 2783 566 2862 denique
580 2784 712 2844 Elateam
735 2795 911 2864 occupatem
924 2784 1003 2846 vallo
1015 2787 1168 2854 muniisset
1187 2787 1217 2846 iu

118 2897 243 2958 umque
254 2875 421 2956 presidium
441 2875 639 2954 imposuisset,
652 2875 695 2935 ihi
710 2875 829 2936 demum
845 2875 898 2950 illi,
910 2878 1071 2938 intentisss
1087 2879 1217 2938 enlm

118 2979 201 3032 metu
219 2965 417 3041 incumbente,
438 2967 638 3030 Athenienses
658 2967 884 3039 accersiverunt,
904 2981 935 3028 et
951 2987 1003 3029 ros
1021 2970 1122 3050 copias
1142 2971 1215 3030 edu·

118 3063 205 3125 xistis
226 3073 258 3122 st
273 3060 389 3120 Thebas
412 3059 562 3120 mandetis
585 3059 688 3122 armati
708 3059 822 3139 equites
839 3059 1027 3140 peditesque,
1046 3061 1216 3141 priusquam

117 3152 167 3216 s'el
180 3154 297 3214 unicam
311 3152 455 3234 syllabam
469 3153 507 3211 de
522 3152 664 3212 societate
676 3149 842 3231 scripsisset
852 3150 1085 3212 Demosthenes:
1100 3150 1216 3212 Thebas

118 3256 218 3308 eutem
241 3245 322 3324 quod
342 3243 554 3305 manmittehet
571 3263 636 3318 ros,
651 3253 767 3323 tempus
792 3241 858 3315 fuit,
873 3254 979 3318 metus,
993 3245 1142 3306 societatis
1160 3263 1215 3304 ns·

85 3392 89 3401 .
116 3339 252 3410 cessitas,
264 3355 325 3396 non
339 3335 565 3397 Demosthenes.
1144 3329 1146 3334 ’

158 3432 211 3489 45.
232 3427 382 3506 Siquidem
400 3447 469 3488 sero
483 3427 529 3488 his
542 3428 573 3488 in
586 3429 673 3488 rebus
685 3428 742 3487 tria
754 3427 801 3488 rel
811 3427 988 3579 pravissime
1003 3428 1216 3490 Demosthenes

116 3525 150 3583 in
171 3539 225 3582 vos
237 3522 382 3600 peccarit.
415 3520 558 3592 Primum,
569 3520 650 3601 quod
672 3537 740 3579 cum
754 3517 809 3579 Phi
823 3521 907 3599 ippus
926 3521 1015 3579 verbo
1032 3518 1215 3600 quidemvo·

117 3615 235 3674 hiscum
253 3612 363 3672 Rham
377 3623 500 3694 gereret,
514 3631 615 3672 rerera
634 3611 729 3672 multo
747 3612 851 3672 ncdori
866 3609 935 3670 odio
954 3610 985 3668 in
998 3608 1155 3671 Thebanos
1170 3611 1215 3670 iu·

117 3705 304 3777 cenderetur,
318 3704 468 3783 quomodo
484 3723 531 3764 res
544 3705 617 3784 ipsse
630 3703 828 3774 declersront,
846 3712 876 3761 et
895 3700 965 3779 quid
986 3701 1118 3782 pluribus
1140 3721 1215 3782 opus

118 3796 188 3858 esti
207 3798 273 3857 brec
284 3805 369 3856 tante
381 3797 516 3872 uotique
529 3795 665 3874 ponderis
684 3794 800 3868 celavit,
814 3805 845 3854 et
863 3792 1031 3853 societatem
1055 3793 1138 3853 nobis
1155 3813 1216 3851 cros

122 3888 258 3948 Thebaeis
278 3888 407 3948 loturam
426 3885 579 3958 simulans,
597 3904 664 3964 ques
675 3905 735 3950 non
748 3903 785 3944 ex
799 3895 962 3964 temporum
974 3883 1149 3944 necessitate
1162 3883 1217 3944 sed

120 3979 183 4040 suis
194 3977 391 4058 legatiombus
405 3979 540 4056 oriretur,
560 3978 686 4056 primum
704 3976 815 4057 populo
829 3974 975 4055 persam
987 3994 1024 4036 ue
1041 3993 1217 4054 magnopere

120 4079 289 4154 spectarem
303 4068 419 4150 'quihus
444 4068 660 4154 conditionibus
682 4069 853 4128 meterem
873 4067 935 4126 lieri
957 4067 1136 4139 conveniret,
1162 4065 1216 4130 sed

122 4165 195 4226 satis
212 4163 337 4223 haberet
356 4163 380 4222 si
393 4164 477 4223 tieret
487 4162 593 4221 modo:
613 4160 671 4219 hoc
683 4159 778 4239 primo
791 4167 889 4218 autern
900 4168 1044 4237 occupeto
1053 4158 1216 4218 universam

76 4264 82 4285 ¹
121 4255 266 4316 Boeotiam
287 4253 435 4314 Thebanis
456 4253 581 4323 dedidit,
606 4269 673 4312 cnm
696 4252 727 4310 in
751 4251 872 4312 decreto
885 4250 1041 4330 scripserit,
1062 4259 1097 4308 ut
1114 4248 1139 4310 si
1158 4267 1219 4327 qne

120 4347 225 4409 oi'ritm
251 4365 271 4406 e
289 4345 436 4407 Thebanis
468 4345 655 4417 descisceret,
680 4339 878 4402 Athenienses
903 4341 1012 4402 Emotis
1037 4341 1087 4421 qui
1107 4339 1217 4402 Thebis

124 4447 226 4500 enent
240 4437 463 4518 opitularentur,
474 4438 582 4511 serbis,
595 4446 629 4496 ut
641 4435 726 4568 solet,
740 4453 793 4496 res
806 4432 951 4496 sudamus
965 4433 1077 4515 alioque
1094 4431 1217 4493 trsusle-

702 4546 721 4585 o
