2967 5017
501 330 670 399 CONTRA
691 334 890 397 Nasuam.
1181 338 1241 397 7⁷3

142 504 319 561 maumam,
327 504 395 549 cum
403 488 441 561 is,
452 486 606 551 Saomtide
614 498 748 571 pretore,
756 490 907 571 quadrigis
915 488 1157 571 Pytbiarioisset,
1165 510 1246 570 quas·

142 591 260 641 metat
273 602 292 641 a
304 580 406 663 Mityle
424 582 542 663 Argyrii
561 583 669 655 liberis,
682 594 714 643 et
734 582 857 664 Delphis
872 584 999 656 rediens,
1010 582 1164 663 epulas-iu
1182 585 1242 645 Co·

142 672 229 733 liade
241 676 386 755 preberet
398 685 514 755 propter
527 676 686 753 victoriam.
730 676 775 736 lbi
795 687 826 737 et
844 677 898 737 'alii
914 676 998 736 multi
1019 694 1136 737 cumea
1151 678 1242 751 ebria,

140 763 312 826 definiente
335 765 510 845 Phryrricne,
533 786 593 827 rem
617 768 794 839 habueruut,
818 780 849 827 et
874 768 997 827 minbtm
1023 767 1170 842 Chabriae,
1191 770 1242 849 qui

141 874 282 918 mensam
290 868 463 920 euersam.
493 860 566 919 fleo
575 880 595 921 a
607 878 654 921 me
663 879 730 920 vere
744 860 803 921 dici
816 870 851 919 ut
862 860 1041 939 intelligatis,
1055 870 1147 921 mutes
1160 863 1243 923 vebis

140 950 309 1028 producam
333 970 384 1013 ecs
405 952 455 1031 qui
474 952 622 1027 uiderunt,
635 953 742 1032 quique
761 952 963 1014 iuterfuerunt.
1002 954 1069 1032 Age
1086 973 1161 1015 vaca
1172 955 1243 1015 milri

143 1040 327 1105 Chionidem
339 1044 560 1125 Xypatoeonem,
573 1056 604 1106 et
617 1045 822 1107 Entmdonern
833 1045 1138 1125 cydamnoenen..

540 1246 849 1312 TESTIMONIUM.

180 1378 307 1427 Chionides
320 1380 448 1443 Xypstaso,
467 1380 579 1429 lintistio
598 1380 815 1443 cydatbensssusis,
830 1389 946 1432 testantur
964 1400 990 1432 se
1009 1389 1105 1433 vocatos
1122 1385 1195 1432 foisse
1212 1386 1242 1432 sd

138 1468 246 1513 ooeusrm
254 1470 305 1503 cunr
313 1455 425 1504 Chabrias
433 1457 463 1503 ob
469 1456 590 1505 uictoriam
599 1458 701 1506 onrrnlis
711 1458 845 1507 certaminis
852 1459 946 1522 epulum
956 1462 1080 1522 praeberet,
1088 1460 1242 1521 convivioque

137 1530 167 1577 iss
181 1530 280 1579 Golisde
297 1539 420 1595 exceptos,
429 1532 538 1594 scireque
548 1549 574 1581 so
585 1534 741 1595 Phrynionsm
756 1534 853 1583 manse
864 1536 888 1583 in
898 1550 966 1584 omas
975 1536 1039 1585 illius
1046 1534 1132 1583 'uuum
1142 1536 1243 1585 addam

138 1608 242 1665 Neara,
251 1624 280 1657 es
289 1624 341 1669 qnae
357 1624 417 1656 anuo
428 1609 584 1670 periclitatur,
593 1616 617 1659 st
634 1626 660 1657 sc
672 1610 787 1659 dormisse
799 1618 824 1659 st
833 1612 989 1673 Pbrynionem
1001 1620 1026 1659 ot
1036 1614 1154 1669 Neaeram,
1170 1627 1242 1674 seque

138 1685 251 1732 wnsisss
266 1692 338 1731 nuotn
353 1686 512 1733 assurrexisse
528 1686 558 1732 sd
574 1688 680 1735 Nauarum
697 1694 746 1734 tum
761 1686 819 1734 ulios
835 1695 883 1735 tum
898 1686 1054 1737 ministrorum
1071 1687 1191 1750 quosdam,
1202 1691 1242 1751 qui

138 1761 256 1808 Chabriae
266 1760 331 1809 servi
341 1767 429 1808 essent.

190 1876 240 1934 12.
262 1874 338 1935 Cum
354 1886 453 1935 autern
474 1876 640 1957 importune
662 1886 693 1937 et
709 1875 921 1938 contumeliose
933 1895 953 1936 a
965 1876 1131 1957 Phryuioue
1150 1877 1241 1937 habe-

137 1976 239 2039 retur,
251 1986 312 2027 uon
325 1976 360 2027 ut
370 1976 498 2047 putarat,
508 1976 664 2043 amaretur,
677 1988 775 2049 neque
787 1969 812 2029 is
825 1968 901 2029 eiad
910 1982 1009 2029 votum
1023 1971 1243 2047 obsequeretur,

140 2069 311 2121 concarata
334 2060 397 2140 ejus
416 2060 629 2142 suppellectile,
644 2070 675 2122 et
697 2080 765 2139 quae
781 2062 807 2122 is
826 2061 1039 2123 eiveetimenta
1051 2072 1242 2142 compararat,

139 2153 305 2233 surdaque
317 2154 507 2227 ornamentis,
528 2173 596 2214 eum
618 2154 733 2216 duabus
757 2155 870 2215 aucillis
891 2154 1014 2215 Tbratta
1036 2165 1067 2215 et
1089 2152 1242 2227 (leceline,

139 2244 272 2323 Megara
284 2246 408 2325 auffugit.
448 2245 485 2306 ld
499 2256 547 2307 est
559 2264 595 2307 eo
607 2256 740 2327 tempore
751 2247 874 2321 Mmum,
893 2267 950 2328 quo
970 2247 1071 2307 Αοῑίιιε
1084 2256 1242 2327 praeturam

138 2336 241 2416 gessit
262 2337 478 2418 Athenisque
500 2346 673 2419 tempestate
687 2358 738 2399 vos
758 2340 904 2419 posterius
925 2359 994 2401 oum
1015 2338 1243 2401 lacedemoniis

140 2430 257 2491 bellum
279 2431 435 2509 gerebatis.
489 2432 675 2493 Commorata
696 2433 787 2513 igitur
813 2434 943 2515 Megetis
968 2446 1015 2497 est
1036 2434 1197 2511 biennium,
1212 2444 1244 2495 et

141 2522 234 2595 Astii,
247 2532 278 2583 et
291 2524 469 2586 Alcisthenis
487 2526 622 2603 praetoris
631 2546 766 2587 annum:
787 2546 853 2588 eum
868 2528 987 2607 quidem
1000 2528 1168 2608 eiquestus
1178 2548 1244 2590 cor·

140 2616 226 2697 poris
240 2635 299 2675 uon
316 2615 387 2677 satis
407 2636 530 2697 magnas
543 2618 582 2678 ad
595 2618 732 2678 alendam
752 2618 891 2679 saniliam
905 2621 1084 2701 domumque
1096 2622 1244 2682 manaem

142 2710 220 2771 darn
234 2708 335 2787 copias
348 2708 548 2789 suppeditaret
559 2714 745 2790 (sumptuosa
757 2710 836 2770 euim
850 2716 925 2791 erat)
938 2713 1019 2792 quod
1037 2724 1069 2773 et
1083 2713 1163 2773 eirea
1184 2712 1242 2773 illi·

141 2800 262 2863 berales
271 2811 372 2861 essent
384 2810 415 2862 et
427 2811 556 2874 tenaces,
567 2812 598 2863 et
605 2800 737 2883 hospites
750 2802 788 2862 ibi
801 2823 862 2865 non
872 2805 1039 2884 frequentes
1047 2813 1242 2876 versarentur,

141 2906 267 2975 propter
281 2892 401 2967 bellurn,
414 2914 481 2955 oum
495 2894 686 2974 Megarenses
701 2894 867 2957 Laconibus
882 2897 1045 2969 studerent,
1057 2905 1089 2955 et
1100 2914 1153 2956 sos
1166 2894 1241 2956 mari

138 2986 339 3067 imperaretis,
353 2986 526 3047 Corinthum
547 2996 646 3049 autem
665 2988 693 3047 ei
710 2988 804 3049 redire
821 3008 882 3051 nou
895 2988 1013 3063 licebat,
1025 3006 1094 3049 eum
1114 3007 1151 3048 ea
1168 3006 1241 3060 ceu·

140 3080 257 3141 ditione
276 3080 396 3141 dimissa
415 3092 494 3143 esset
513 3082 551 3141 ab
576 3075 704 3142 Eucrate
726 3091 758 3142 et
781 3081 979 3155 Timauoride,
992 3092 1087 3170 utne
1107 3080 1243 3143 Corinthi

140 3183 289 3253 quaestum
313 3174 433 3233 faceret.
483 3174 523 3232 Ut
546 3173 635 3253 igitur
655 3193 713 3253 pax
737 3173 918 3235 Phrasiclide
938 3184 1063 3255 pretore
1086 3174 1167 3234 iacta
1182 3186 1240 3248 est,

141 3283 244 3345 pugna
257 3266 286 3325 in
301 3265 433 3327 Leuctris
447 3286 465 3327 a
478 3267 625 3326 'llrebenis
638 3277 669 3325 et
682 3266 916 3327 Lacedaemoniis
935 3268 1102 3339 commissa,
1114 3265 1240 3347 Stepha-

143 3376 199 3419 nus
214 3358 339 3437 Megara
350 3359 511 3439 profectus,
524 3359 603 3440 apud
620 3378 686 3419 eam
704 3369 738 3419 ut
750 3361 931 3420 meretricem
944 3360 1117 3434 diversatus,
1130 3370 1162 3421 et
1171 3378 1239 3419 cnm

143 3468 179 3511 aa
191 3470 371 3530 cmgressus
394 3461 449 3513 est.
492 3450 536 3510 lbi
555 3449 607 3511 illa
624 3451 768 3531 expositis
781 3452 809 3512 ei
832 3454 917 3513 rebus
931 3454 1067 3513 omuibus
1078 3462 1109 3512 et
1130 3451 1240 3533 injuriis

142 3539 329 3623 Phryuioniq
343 3542 516 3621 traditisque
535 3542 665 3622 pecuniis
688 3560 761 3622 quas
780 3544 818 3604 ab
838 3543 890 3604 illo
907 3544 978 3605 bino
998 3545 1167 3617 abstulerat,
1186 3565 1240 3605 eu·

143 3632 213 3712 pida
227 3634 346 3713 quidem
359 3635 418 3697 bue
431 3634 584 3706 redeundi,
602 3634 658 3695 sed
676 3633 873 3716 Phrynionem
890 3656 910 3696 e
930 3654 962 3695 se
975 3635 1165 3716 compilatum
1177 3654 1238 3696 me-

123 3733 242 3799 'arene
255 3744 344 3805 quem
366 3738 397 3788 et
420 3727 474 3787 sibi
499 3726 615 3798 iratum,
629 3738 659 3787 et
680 3725 848 3788 vehemenn'
870 3746 938 3788 esse
957 3746 993 3787 ac
1008 3727 1138 3790 molente
1150 3727 1240 3789 sciret

144 3818 270 3899 ingenio,
281 3819 462 3901 Stephanum
477 3829 631 3901 patronum
644 3818 793 3881 adsciscit
835 3820 864 3881 ls
881 3839 952 3881 vero
963 3820 1095 3901 Megaris
1112 3821 1142 3881 io
1156 3840 1239 3899 mern

146 3922 273 3973 mecum
295 3922 326 3972 et
344 3914 438 3974 uerbis
459 3912 589 3974 inflatam
603 3932 678 3987 eam,
691 3912 818 3973 laturum
834 3913 1025 3975 infortunium
1042 3911 1240 3993 Phrynionesn

28 4066 30 4083 ,
143 4002 294 4078 dictitans,
303 4006 328 4066 si
342 4024 408 4066 eam
418 4006 569 4086 attigisset,
579 4024 671 4085 seque
683 4026 804 4067 uxorem
816 4026 883 4067 eam
896 4007 1066 4077 ducturum,
1080 4016 1112 4066 et
1120 4006 1240 4084 liberos,

146 4114 218 4174 qnos
228 4108 296 4173 tum
307 4098 438 4173 haberet,
449 4098 486 4159 ad
500 4098 620 4159 tribules
635 4098 844 4172 adducturum,
860 4100 995 4177 civesque
1012 4099 1159 4160 laetarum
1173 4109 1240 4161 tau·

147 4207 233 4267 quam
245 4210 325 4265 suos,
340 4191 543 4271 neminemque
558 4190 722 4253 monalium
740 4191 768 4252 ei
782 4211 884 4253 manus
898 4191 1064 4265 allaturum,
1075 4190 1242 4271 pollicitus:

148 4280 276 4347 hueeam
285 4304 386 4347 seeum
396 4286 528 4365 Megaris
540 4286 673 4359 adduxit,
685 4299 716 4349 et
729 4306 836 4367 pueros
849 4306 917 4348 eum
931 4306 967 4347 ea
980 4296 1052 4359 tres,
1064 4288 1240 4363 Proxeuum,

149 4374 322 4451 Aristonem,
336 4390 367 4441 et
384 4380 484 4454 filiam,
498 4400 585 4461 quam
607 4401 686 4442 nune
700 4380 871 4443 Pharaonem
885 4380 1047 4455 nominant,
1060 4392 1091 4443 et
1109 4402 1176 4443 eum
1196 4383 1239 4462 ip·

151 4485 219 4542 sam,
235 4483 298 4535 tum
311 4473 417 4535 liberos
431 4474 459 4533 in
475 4473 683 4537 domunculam
696 4473 868 4549 introduxit,
891 4495 956 4555 qum
971 4474 998 4537 ei
1012 4486 1077 4537 erat
1089 4476 1128 4537 ad
1140 4494 1240 4537 susum
