2967 5017
494 323 575 384 PRO
599 325 866 394 PHORMlONE.

633 607 723 667 Lex,

129 735 192 804 lex
215 740 344 818 quidem,
360 742 567 818 Athenienses,
589 748 630 808 itu
653 752 808 830 perspicue
827 753 921 814 linivit
936 765 1072 836 tempus:
1103 760 1225 839 Apollo-

126 827 221 892 ¹dorus
236 842 345 906 sutem,
363 835 447 897 snnis
460 837 572 916 elapsis
593 839 719 919 emplius
732 842 845 922 viginti,
857 844 950 924 pluris
964 848 1075 908 euobis
1088 850 1226 912 testimari

127 919 193 981 vult
214 923 393 988 oslumuism
413 947 496 990 susm
516 950 606 1010 quem
621 933 714 1012 leges,
733 937 899 999 mundum
911 959 987 1018 ques
995 943 1086 1020 jursti
1101 963 1227 1022 pronun·

127 1011 223 1077 cisto.
264 1017 361 1081 Decet
381 1029 485 1082 sutem·
497 1042 560 1092 vos,
574 1023 782 1101 Athenienses,
798 1047 866 1089 enm
887 1033 1024 1092 omnibus
1039 1054 1139 1113 perere
1152 1036 1226 1116 legi-
1245 1107 1249 1120 1

126 1101 194 1177 bus,
215 1113 279 1166 tum
292 1107 360 1170 huie
373 1111 403 1170 in
425 1113 536 1191 primis,
549 1134 637 1193 quum
662 1117 751 1180 Solon
774 1139 842 1180 mee
859 1122 975 1199 quidem
990 1125 1126 1203 opinione
1143 1127 1226 1188 haud

126 1192 216 1260 aliem
230 1198 268 1256 ob
283 1218 402 1260 oensem
416 1203 494 1275 tulis,
507 1204 564 1264 nisi
578 1215 660 1267 utne
674 1228 725 1269 vos
740 1210 955 1290 deciperemini.
998 1215 1076 1274 Nam
1093 1217 1163 1276 etsi
1177 1220 1226 1279 oui

124 1281 207 1348 laesa
227 1300 307 1350 esset
323 1291 428 1371 injuris
444 1294 516 1354 sotis
530 1314 592 1358 esse
612 1299 726 1376 putarit
739 1303 969 1380 quinquennium
982 1305 1021 1364 sd
1027 1307 1225 1386 exigendum,

121 1384 153 1437 et
173 1379 351 1442 mentientes
373 1383 437 1462 ipso
457 1395 590 1466 tempore
607 1388 823 1470 evidentissime
845 1399 932 1473 pos‘se
949 1387 1108 1477 redurgui:
1137 1399 1225 1458 simul

122 1468 228 1546 etism,
239 1483 394 1552 postquem
407 1494 466 1536 non
481 1497 569 1557 posse
582 1481 645 1558 lieri
663 1481 744 1544 ridet
761 1496 794 1545 ιιι
812 1494 844 1546 et
861 1487 1118 1550 contrahenteret
1133 1500 1224 1551 testes

123 1571 270 1639 perpetuo
284 1565 393 1638 vivent,
406 1567 436 1628 in
458 1587 560 1628 eorum
580 1571 678 1632 locum
696 1573 775 1634 hene
787 1574 884 1654 legem
897 1577 1023 1649 suffecit,
1039 1591 1073 1640 ut
1091 1580 1136 1640 liis
1156 1599 1225 1659 qum

122 1649 208 1712 dieta
222 1653 343 1716 luerunt
355 1657 437 1717 testis
456 1670 533 1720 esset
546 1664 703 1740 equitetis.

164 1745 217 1802 10.
240 1745 332 1804 Miror
345 1748 490 1822 equidem,
504 1751 638 1822 ludices,
652 1773 790 1832 qur-nem
808 1775 847 1816 en
865 1760 925 1818 sint
942 1777 1010 1836 quse
1028 1761 1069 1819 ud
1090 1761 1157 1822 leuse
1179 1781 1225 1822 re·
1253 1828 1258 1834 .

118 1831 274 1909 spondere
296 1833 433 1894 instituet¹
449 1837 664 1916 Apollodorus:
686 1862 746 1903 non
764 1846 847 1908 enim
867 1847 897 1916 id
916 1858 1009 1927 putet,
1028 1849 1138 1912 seilicet
1161 1870 1224 1925 sos,

119 1921 172 2000 qui
201 1943 271 1986 eum
292 1924 381 1984 nullis
405 1926 571 1988 fraudatum
593 1933 723 2009 pecuniis
745 1935 877 2008 sidentis,
897 1958 978 2017 segre
1001 1939 1125 2013 loturos,
1144 1943 1226 2022 quod

123 2021 251 2074 matrem
265 2017 328 2092 ejus
343 2016 481 2077 Phormio
503 2017 620 2080 duxerit
637 2043 771 2084 uxorem.
813 2027 917 2106 Neque
937 2030 1015 2089 enim
1028 2031 1085 2092 hoo
1098 2033 1225 2112 ignoret,

123 2124 221 2185 neque
234 2105 278 2166 rel
290 2125 356 2165 eum
362 2108 494 2186 preterit
508 2109 553 2170 vel
566 2111 722 2194 plerosque
732 2125 874 2194 vestrum,
888 2118 1038 2179 Soorstern
1048 2124 1224 2196 musonium

123 2197 218 2269 illurn,
232 2217 253 2258 a
266 2197 391 2258 dominis
412 2199 547 2260 libertate
563 2201 715 2277 donatum,
728 2216 763 2266 ut
781 2207 866 2267 istium
889 2220 1014 2294 petrem,
1029 2212 1149 2274 dedisse
1170 2215 1223 2275 Su·

123 2299 187 2366 tyro
202 2307 327 2349 uxorem
341 2308 434 2362 suum,
450 2291 501 2370 qui
515 2295 682 2352 servitutem
692 2296 859 2374 eliqunndo
873 2301 952 2377 epud
965 2301 1062 2379 ipsum
1075 2305 1223 2366 servisset.

120 2383 225 2460 ‚Alium
251 2383 393 2445 Sosiclem
415 2385 467 2462 qui
486 2387 680 2463 argentarium
699 2389 841 2451 lectitarit
860 2391 979 2453 dedisse
996 2413 1116 2454 uxorem
1139 2416 1224 2459 susm

126 2473 311 2548 Timodemo,
324 2475 376 2553 qui
395 2476 485 2537 etiem
499 2495 578 2536 nunc
596 2477 627 2536 in
650 2478 722 2538 rivis
740 2489 797 2553 est,
810 2490 843 2542 et
860 2483 925 2562 ejus
948 2485 1105 2564 eliqusndo
1123 2507 1223 2554 servus

125 2566 186 2626 fuit.
233 2566 337 2644 Neque
350 2565 463 2626 veroid
477 2567 610 2630 homines
623 2570 691 2630 huie
704 2572 829 2649 questui
847 2573 941 2634 dediti
958 2575 1006 2636 hie
1021 2577 1166 2640 duntaxat
1179 2581 1223 2642 fs·

123 2657 220 2733 siunt,
235 2656 442 2731 turonenses,
456 2659 511 2718 ssd
530 2671 560 2719 et
577 2661 607 2722 in
625 2660 732 2741 AEgina
754 2661 835 2723 dedit
852 2665 1063 2745 Strymodorus
1083 2671 1224 2732 Hermsso
1296 2709 1301 2718 ·

126 2767 207 2809 servo
230 2767 284 2808 suo
307 2767 442 2823 uxorem,
456 2768 550 2830 esque
569 2750 722 2825 defuncte,
741 2773 841 2814 rursus
862 2757 890 2814 ei
911 2758 995 2817 dedit
1011 2759 1106 2820 dlisnr
1125 2781 1221 2823 suem.

125 2841 214 2902 Multi
230 2842 317 2918 hujus
330 2841 446 2921 generis
458 2840 678 2904 commemorari
698 2853 831 2922 possent.
872 2844 988 2905 Merito.
1025 2849 1118 2909 Vobis
1131 2852 1221 2923 enim,

41 2915 44 2929 ¹
125 2933 333 3008 Athenienses,
346 2934 397 3012 qui
411 2944 517 3008 netues
534 2934 613 2996 cives
623 2934 704 3004 estis,
719 2933 817 2994 nullos
829 2937 1018 3012 pecuniarum
1032 2941 1132 3015 eopiss
1146 2960 1222 3018 pure·

125 3024 197 3084 serre
221 3025 323 3104 generi
342 3025 500 3088 honestum
513 3035 578 3088 est:
600 3025 651 3102 qui
670 3033 766 3085 autem
785 3025 902 3093 civitate
916 3026 962 3086 rel
978 3045 998 3086 s
1009 3027 1093 3089 vobis
1111 3029 1160 3089 sel
1182 3031 1221 3090 nb

125 3115 184 3177 eliis
198 3115 378 3195 quibusdem
391 3117 518 3178 fortunus
532 3116 673 3178 beneficio
686 3125 757 3176 sunt
769 3116 882 3190 donati,
894 3128 935 3190 et,
948 3129 1066 3200 propter
1074 3130 1222 3210 questum

126 3207 332 3285 argentarium,
348 3218 378 3268 et
398 3208 552 3288 ampliores
567 3209 781 3288 possessiones,
798 3209 877 3270 idem
885 3211 937 3289 jus
950 3213 1109 3286 oonseeuti,
1123 3213 1142 3271 ii
1155 3213 1220 3276 hee

127 3298 274 3360 custodire
300 3299 420 3360 debent.
462 3300 560 3368 Qusre
579 3299 668 3360 Pssio
687 3309 771 3378 peter
790 3309 858 3360 tuus
879 3320 974 3380 neque
992 3303 1102 3382 primus
1122 3324 1220 3387 neque
1239 3335 1245 3342 ·

128 3389 216 3463 solus,
231 3409 327 3470 neque
340 3391 387 3450 sel
406 3391 437 3450 in
450 3390 637 3470 semetipsum
650 3391 885 3463 contumeliosae
900 3393 946 3453 vel
958 3395 989 3453 in
1002 3412 1055 3454 ros
1073 3395 1150 3457 filios
1164 3399 1219 3460 sed

127 3499 183 3540 non
196 3479 281 3544 aliter
291 3482 353 3542 suis
366 3483 453 3541 rebus
468 3501 555 3560 posse
567 3483 682 3560 consuli
695 3483 887 3562 prospiciens,
900 3483 954 3545 nisi
965 3484 1044 3546 hune
1053 3491 1219 3550 necessario

127 3575 208 3640 robis
220 3574 409 3655 conjunctum
422 3574 565 3642 redderet,
580 3581 663 3632 susm
677 3574 704 3634 ei
717 3593 852 3645 uxorem,
867 3586 989 3636 matrem
1008 3587 1145 3649 vestrum,
1165 3580 1220 3639 de-

127 3665 250 3743 spondit.
294 3665 382 3734 Quod
404 3665 429 3724 si
446 3663 600 3724 utilitatem
620 3675 748 3742 spectes,
767 3683 835 3723 eum
857 3674 937 3724 recte
960 3666 1015 3725 sibi
1033 3670 1218 3746 prospexisse

129 3757 346 3837 deprehendes:
368 3757 413 3816 sin
435 3756 537 3819 habite
556 3765 608 3817 sut
629 3756 852 3826 existimationis
874 3768 926 3819 sut
946 3759 1088 3820 netelium
1104 3759 1218 3822 ratione

129 3845 308 3916 Phormionis
322 3847 491 3910 affinitatem
505 3848 656 3918 eversoris,
665 3847 732 3908 vide
744 3868 783 3908 ne
798 3848 953 3910 ridiculum
966 3848 1054 3920 sites
1065 3861 1096 3908 te
1109 3849 1217 3914 dicere.

131 3937 160 4003 Si
181 3941 249 4021 quis
268 3939 347 4002 enim
364 3951 394 4000 te
415 3949 500 4020 roget
520 3957 676 4018 quemnam
696 3949 810 4018 putrem
830 3949 914 4002 tuum
933 3941 1025 4000 luisse
1046 3939 1217 4004 existimesl

130 4031 243 4094 Bonum
258 4035 361 4106 sirum,
378 4017 425 4096 est
439 4033 511 4104 seio,
525 4032 724 4112 respondebis.
767 4033 870 4106 Utrum
889 4033 981 4111 igitur
993 4041 1024 4090 et
1043 4031 1173 4094 muribus
1185 4045 1218 4096 et

131 4127 211 4188 rebus
224 4128 359 4187 omnibus
372 4125 491 4186 Pusioni
509 4125 674 4186 similiorem
688 4134 786 4202 putus,
804 4134 872 4186 tene
890 4142 929 4182 su
947 4121 1049 4181 hunsl
1069 4122 1138 4203 Ego
1151 4126 1217 4204 qui.

132 4213 287 4290 demseris
309 4217 380 4290 scio,
397 4217 491 4276 inune.
532 4216 591 4285 Qui
614 4217 701 4295 igitur
719 4215 795 4295 petri
816 4227 868 4280 tuo
888 4213 1007 4275 similior
1027 4223 1084 4289 est,
1097 4234 1176 4288 eum,
1189 4218 1215 4278 si

131 4315 245 4372 mtrem
260 4307 445 4381 tusmduxit.
457 4307 617 4370 eversoris?

170 4402 221 4468 ik
235 4403 336 4492 tuqui,
350 4411 381 4463 et
397 4403 486 4466 dante
503 4403 708 4466 et-msndants
726 4413 810 4481 psrrs
828 4409 881 4460 tuo
900 4409 967 4462 sets
982 4419 1048 4464 esre
1063 4401 1140 4471 hee,
1153 4419 1215 4462 non

643 4497 696 4554 ts
776 4543 785 4560 r
