<?xml version="1.0" encoding="UTF-8"?>
<!DOCTYPE html PUBLIC "-//W3C//DTD XHTML 1.0 Transitional//EN"
    "http://www.w3.org/TR/xhtml1/DTD/xhtml1-transitional.dtd">
<html xmlns="http://www.w3.org/1999/xhtml" xml:lang="en" lang="en">
 <head>
  <title>
</title>
<meta http-equiv="Content-Type" content="text/html;charset=utf-8" />
  <meta name='ocr-system' content='tesseract 3.04.00' />
  <meta name='ocr-capabilities' content='ocr_page ocr_carea ocr_par ocr_line ocrx_word'/>
</head>
<body>
  <div class='ocr_page' id='page_1' title='image "./oratoresatticie00dupogoog_0034.png"; bbox 0 0 2967 5017; ppageno 0'>
   <div class='ocr_carea' id='block_1_1' title="bbox 226 327 1047 394">
    <p class='ocr_par' dir='ltr' id='par_1_1' title="bbox 226 327 1047 394">
     <span class='ocr_line' id='line_1_1' title="bbox 226 327 1047 394; baseline 0.005 -6"><span class='ocrx_word' id='word_1_1' title='bbox 226 329 286 389; x_wconf 77' lang='grc'>536</span> <span class='ocrx_word' id='word_1_2' title='bbox 500 327 722 392; x_wconf 75' lang='lat' dir='ltr'>ADVERSUS</span> <span class='ocrx_word' id='word_1_3' title='bbox 744 330 1047 394; x_wconf 71' lang='lat' dir='ltr'><strong>PHORMONEM.</strong></span> 
     </span>
    </p>
   </div>
   <div class='ocr_carea' id='block_1_2' title="bbox 192 481 1401 2499">
    <p class='ocr_par' dir='ltr' id='par_1_2' title="bbox 192 481 1401 2217">
     <span class='ocr_line' id='line_1_2' title="bbox 224 481 1321 566; baseline 0.007 -24"><span class='ocrx_word' id='word_1_4' title='bbox 224 481 338 544; x_wconf 88' lang='lat' dir='ltr'>ensium</span> <span class='ocrx_word' id='word_1_5' title='bbox 355 484 450 548; x_wconf 84' lang='lat' dir='ltr'>iorum</span> <span class='ocrx_word' id='word_1_6' title='bbox 473 485 663 566; x_wconf 84' lang='lat' dir='ltr'>ingredimur,</span> <span class='ocrx_word' id='word_1_7' title='bbox 681 486 767 548; x_wconf 85' lang='lat' dir='ltr'>nolis</span> <span class='ocrx_word' id='word_1_8' title='bbox 778 488 841 565; x_wconf 74' lang='lat' dir='ltr'>jam</span> <span class='ocrx_word' id='word_1_9' title='bbox 854 487 939 548; x_wconf 90' lang='lat' dir='ltr'>nobis</span> <span class='ocrx_word' id='word_1_10' title='bbox 952 486 1033 547; x_wconf 87' lang='lat' dir='ltr'>actio</span> <span class='ocrx_word' id='word_1_11' title='bbox 1044 485 1211 549; x_wconf 67' lang='lat' dir='ltr'>convdet·</span> <span class='ocrx_word' id='word_1_12' title='bbox 1253 483 1321 564; x_wconf 63' lang='grc' dir='ltr'>Εὲο</span> 
     </span>
     <span class='ocr_line' id='line_1_3' title="bbox 222 575 1320 658; baseline 0.005 -25"><span class='ocrx_word' id='word_1_13' title='bbox 222 592 292 634; x_wconf 86' lang='lat' dir='ltr'>vero</span> <span class='ocrx_word' id='word_1_14' title='bbox 305 593 374 634; x_wconf 88' lang='lat' dir='ltr'>cum</span> <span class='ocrx_word' id='word_1_15' title='bbox 388 576 485 636; x_wconf 87' lang='lat' dir='ltr'>auimo</span> <span class='ocrx_word' id='word_1_16' title='bbox 501 595 568 637; x_wconf 88' lang='lat' dir='ltr'>meo</span> <span class='ocrx_word' id='word_1_17' title='bbox 577 588 697 658; x_wconf 84' lang='lat' dir='ltr'>reputo,</span> <span class='ocrx_word' id='word_1_18' title='bbox 711 578 852 658; x_wconf 87' lang='lat' dir='ltr'>quidnam</span> <span class='ocrx_word' id='word_1_19' title='bbox 863 579 895 636; x_wconf 91' lang='lat' dir='ltr'>in</span> <span class='ocrx_word' id='word_1_20' title='bbox 909 578 1112 656; x_wconf 73' lang='lat' dir='ltr'>exceptionem</span> <span class='ocrx_word' id='word_1_21' title='bbox 1124 575 1320 656; x_wconf 78' lang='lat' dir='ltr'>imcrtpunus</span> 
     </span>
     <span class='ocr_line' id='line_1_4' title="bbox 223 667 1320 750; baseline 0.005 -25"><span class='ocrx_word' id='word_1_22' title='bbox 223 667 320 738; x_wconf 81' lang='lat' dir='ltr'>suerit,</span> <span class='ocrx_word' id='word_1_23' title='bbox 335 669 361 726; x_wconf 91' lang='lat' dir='ltr'>si</span> <span class='ocrx_word' id='word_1_24' title='bbox 374 669 542 730; x_wconf 79' lang='lat' dir='ltr'>Theodotus</span> <span class='ocrx_word' id='word_1_25' title='bbox 556 671 595 730; x_wconf 89' lang='lat' dir='ltr'>de</span> <span class='ocrx_word' id='word_1_26' title='bbox 615 690 706 750; x_wconf 81' lang='lat' dir='ltr'>causa</span> <span class='ocrx_word' id='word_1_27' title='bbox 721 672 956 749; x_wconf 66' lang='lat' dir='ltr'>pronunciasset,</span> <span class='ocrx_word' id='word_1_28' title='bbox 976 689 1045 730; x_wconf 87' lang='lat' dir='ltr'>cum</span> <span class='ocrx_word' id='word_1_29' title='bbox 1057 689 1146 742; x_wconf 91' lang='lat' dir='ltr'>nunc,</span> <span class='ocrx_word' id='word_1_30' title='bbox 1159 679 1320 749; x_wconf 80' lang='lat' dir='ltr'>postquam</span> 
     </span>
     <span class='ocr_line' id='line_1_5' title="bbox 223 758 1320 840; baseline 0.005 -24"><span class='ocrx_word' id='word_1_31' title='bbox 223 758 355 819; x_wconf 85' lang='lat' dir='ltr'>decrevit</span> <span class='ocrx_word' id='word_1_32' title='bbox 376 761 546 821; x_wconf 84' lang='lat' dir='ltr'>Theodotus</span> <span class='ocrx_word' id='word_1_33' title='bbox 567 762 595 820; x_wconf 91' lang='lat' dir='ltr'>in</span> <span class='ocrx_word' id='word_1_34' title='bbox 617 761 761 840; x_wconf 88' lang='lat' dir='ltr'>judicium</span> <span class='ocrx_word' id='word_1_35' title='bbox 772 761 859 821; x_wconf 91' lang='lat' dir='ltr'>nobis</span> <span class='ocrx_word' id='word_1_36' title='bbox 878 781 945 820; x_wconf 89' lang='lat' dir='ltr'>esse</span> <span class='ocrx_word' id='word_1_37' title='bbox 962 761 1149 834; x_wconf 76' lang='lat' dir='ltr'>veniendum,</span> <span class='ocrx_word' id='word_1_38' title='bbox 1162 761 1320 821; x_wconf 81' lang='lat' dir='ltr'>convenire</span> 
     </span>
     <span class='ocr_line' id='line_1_6' title="bbox 222 851 1320 932; baseline 0.004 -24"><span class='ocrx_word' id='word_1_39' title='bbox 222 851 307 910; x_wconf 89' lang='lat' dir='ltr'>nobis</span> <span class='ocrx_word' id='word_1_40' title='bbox 321 853 465 912; x_wconf 69' lang='lat' dir='ltr'>achonem</span> <span class='ocrx_word' id='word_1_41' title='bbox 480 853 559 931; x_wconf 88' lang='lat' dir='ltr'>apud</span> <span class='ocrx_word' id='word_1_42' title='bbox 573 873 625 913; x_wconf 92' lang='lat' dir='ltr'>vos</span> <span class='ocrx_word' id='word_1_43' title='bbox 639 862 739 932; x_wconf 86' lang='lat' dir='ltr'>neget,</span> <span class='ocrx_word' id='word_1_44' title='bbox 759 853 798 914; x_wconf 84' lang='lat' dir='ltr'>ad</span> <span class='ocrx_word' id='word_1_45' title='bbox 816 872 890 931; x_wconf 90' lang='lat' dir='ltr'>quos</span> <span class='ocrx_word' id='word_1_46' title='bbox 903 852 953 912; x_wconf 85' lang='lat' dir='ltr'>iiie</span> <span class='ocrx_word' id='word_1_47' title='bbox 966 853 1051 913; x_wconf 87' lang='lat' dir='ltr'>nobis</span> <span class='ocrx_word' id='word_1_48' title='bbox 1062 871 1130 913; x_wconf 84' lang='lat' dir='ltr'>ease</span> <span class='ocrx_word' id='word_1_49' title='bbox 1149 851 1320 916; x_wconf 54' lang='lat' dir='ltr'>&amp;undum</span> 
     </span>
     <span class='ocr_line' id='line_1_7' title="bbox 221 942 1322 1024; baseline 0.005 -25"><span class='ocrx_word' id='word_1_50' title='bbox 221 942 434 1020; x_wconf 76' lang='lat' dir='ltr'>pronunciavit.</span> <span class='ocrx_word' id='word_1_51' title='bbox 475 944 662 1024; x_wconf 83' lang='lat' dir='ltr'>Iniquissima</span> <span class='ocrx_word' id='word_1_52' title='bbox 683 955 764 1006; x_wconf 86' lang='lat' dir='ltr'>certo</span> <span class='ocrx_word' id='word_1_53' title='bbox 776 963 892 1006; x_wconf 89' lang='lat' dir='ltr'>meeum</span> <span class='ocrx_word' id='word_1_54' title='bbox 910 955 1142 1023; x_wconf 85' lang='lat' dir='ltr'>ageretur,.eum</span> <span class='ocrx_word' id='word_1_55' title='bbox 1155 943 1236 1023; x_wconf 84' lang='lat' dir='ltr'>leges</span> <span class='ocrx_word' id='word_1_56' title='bbox 1249 962 1322 1004; x_wconf 89' lang='lat' dir='ltr'>con·</span> 
     </span>
     <span class='ocr_line' id='line_1_8' title="bbox 220 1034 1401 1116; baseline 0.003 -24"><span class='ocrx_word' id='word_1_57' title='bbox 220 1041 367 1092; x_wconf 81' lang='lat' dir='ltr'>tractuum</span> <span class='ocrx_word' id='word_1_58' title='bbox 380 1034 429 1113; x_wconf 91' lang='lat' dir='ltr'>qui</span> <span class='ocrx_word' id='word_1_59' title='bbox 445 1035 568 1096; x_wconf 84' lang='lat' dir='ltr'>Athenis</span> <span class='ocrx_word' id='word_1_60' title='bbox 582 1037 656 1096; x_wconf 86' lang='lat' dir='ltr'>flunt</span> <span class='ocrx_word' id='word_1_61' title='bbox 669 1035 873 1114; x_wconf 13' lang='lat' dir='ltr'>actionesndari</span> <span class='ocrx_word' id='word_1_62' title='bbox 886 1037 967 1116; x_wconf 90' lang='lat' dir='ltr'>apud</span> <span class='ocrx_word' id='word_1_63' title='bbox 983 1035 1114 1099; x_wconf 74' lang='lat' dir='ltr'>serviro&#39;s</span> <span class='ocrx_word' id='word_1_64' title='bbox 1127 1036 1272 1115; x_wconf 59' lang='lat' dir='ltr'>iubenum</span> <span class='ocrx_word' id='word_1_65' title='bbox 1294 1037 1321 1096; x_wconf 92' lang='lat' dir='ltr'>si</span> <span class='ocrx_word' id='word_1_66' title='bbox 1396 1075 1401 1080; x_wconf 71' lang='lat'>,</span> 
     </span>
     <span class='ocr_line' id='line_1_9' title="bbox 220 1127 1320 1209; baseline 0.005 -26"><span class='ocrx_word' id='word_1_67' title='bbox 220 1140 273 1184; x_wconf 90' lang='lat' dir='ltr'>vos</span> <span class='ocrx_word' id='word_1_68' title='bbox 291 1127 438 1187; x_wconf 80' lang='lat' dir='ltr'>actionem</span> <span class='ocrx_word' id='word_1_69' title='bbox 451 1129 610 1206; x_wconf 75' lang='lat' dir='ltr'>negaretis,</span> <span class='ocrx_word' id='word_1_70' title='bbox 625 1128 673 1208; x_wconf 91' lang='lat' dir='ltr'>qui</span> <span class='ocrx_word' id='word_1_71' title='bbox 680 1129 846 1208; x_wconf 74' lang='lat' dir='ltr'>juraveritis</span> <span class='ocrx_word' id='word_1_72' title='bbox 860 1146 913 1188; x_wconf 86' lang='lat' dir='ltr'>vos</span> <span class='ocrx_word' id='word_1_73' title='bbox 927 1129 1088 1188; x_wconf 86' lang='lat' dir='ltr'>secundum</span> <span class='ocrx_word' id='word_1_74' title='bbox 1104 1127 1187 1206; x_wconf 83' lang='lat' dir='ltr'>leges</span> <span class='ocrx_word' id='word_1_75' title='bbox 1203 1127 1320 1209; x_wconf 87' lang='lat' dir='ltr'>judica·</span> 
     </span>
     <span class='ocr_line' id='line_1_10' title="bbox 221 1219 1320 1302; baseline 0.003 -25"><span class='ocrx_word' id='word_1_76' title='bbox 221 1227 312 1278; x_wconf 88' lang='lat' dir='ltr'>turos.</span> <span class='ocrx_word' id='word_1_77' title='bbox 354 1221 402 1278; x_wconf 90' lang='lat' dir='ltr'>Ac</span> <span class='ocrx_word' id='word_1_78' title='bbox 413 1231 515 1281; x_wconf 88' lang='lat' dir='ltr'>mutuo</span> <span class='ocrx_word' id='word_1_79' title='bbox 531 1221 608 1282; x_wconf 80' lang='lat' dir='ltr'>dstae</span> <span class='ocrx_word' id='word_1_80' title='bbox 623 1241 642 1281; x_wconf 89' lang='lat' dir='ltr'>a</span> <span class='ocrx_word' id='word_1_81' title='bbox 655 1223 739 1283; x_wconf 88' lang='lat' dir='ltr'>nobis</span> <span class='ocrx_word' id='word_1_82' title='bbox 753 1223 886 1302; x_wconf 84' lang='lat' dir='ltr'>pecuniae</span> <span class='ocrx_word' id='word_1_83' title='bbox 897 1231 929 1282; x_wconf 87' lang='lat' dir='ltr'>et</span> <span class='ocrx_word' id='word_1_84' title='bbox 941 1222 1040 1302; x_wconf 85' lang='lat' dir='ltr'>pactio</span> <span class='ocrx_word' id='word_1_85' title='bbox 1051 1229 1084 1280; x_wconf 91' lang='lat' dir='ltr'>et</span> <span class='ocrx_word' id='word_1_86' title='bbox 1093 1220 1148 1281; x_wconf 88' lang='lat' dir='ltr'>iste</span> <span class='ocrx_word' id='word_1_87' title='bbox 1160 1219 1225 1301; x_wconf 87' lang='lat' dir='ltr'>ipse</span> <span class='ocrx_word' id='word_1_88' title='bbox 1238 1221 1320 1281; x_wconf 88' lang='lat' dir='ltr'>testis</span> 
     </span>
     <span class='ocr_line' id='line_1_11' title="bbox 220 1304 1320 1402; baseline 0.001 -30"><span class='ocrx_word' id='word_1_89' title='bbox 220 1322 283 1372; x_wconf 85' lang='lat' dir='ltr'>est:</span> <span class='ocrx_word' id='word_1_90' title='bbox 298 1311 427 1402; x_wconf 78' lang='lat' dir='ltr'>reddita</span> <span class='ocrx_word' id='word_1_91' title='bbox 448 1323 545 1373; x_wconf 85' lang='lat' dir='ltr'>autem</span> <span class='ocrx_word' id='word_1_92' title='bbox 560 1331 646 1372; x_wconf 91' lang='lat' dir='ltr'>nemo</span> <span class='ocrx_word' id='word_1_93' title='bbox 658 1314 742 1374; x_wconf 86' lang='lat' dir='ltr'>testis</span> <span class='ocrx_word' id='word_1_94' title='bbox 761 1324 810 1375; x_wconf 88' lang='lat' dir='ltr'>est</span> <span class='ocrx_word' id='word_1_95' title='bbox 822 1323 928 1393; x_wconf 86' lang='lat' dir='ltr'>proeter</span> <span class='ocrx_word' id='word_1_96' title='bbox 942 1304 1117 1394; x_wconf 89' lang='lat' dir='ltr'>Lampidem</span> <span class='ocrx_word' id='word_1_97' title='bbox 1135 1313 1248 1388; x_wconf 69' lang='lat' dir='ltr'>injuria</span> <span class='ocrx_word' id='word_1_98' title='bbox 1269 1332 1320 1373; x_wconf 89' lang='lat' dir='ltr'>so-</span> 
     </span>
     <span class='ocr_line' id='line_1_12' title="bbox 222 1401 1319 1484; baseline 0.002 -22"><span class='ocrx_word' id='word_1_99' title='bbox 222 1401 308 1462; x_wconf 85' lang='lat' dir='ltr'>cium.</span> <span class='ocrx_word' id='word_1_100' title='bbox 349 1405 397 1463; x_wconf 90' lang='lat' dir='ltr'>Ac</span> <span class='ocrx_word' id='word_1_101' title='bbox 420 1405 476 1464; x_wconf 87' lang='lat' dir='ltr'>iste</span> <span class='ocrx_word' id='word_1_102' title='bbox 491 1403 612 1482; x_wconf 88' lang='lat' dir='ltr'>quidem</span> <span class='ocrx_word' id='word_1_103' title='bbox 633 1405 672 1465; x_wconf 85' lang='lat' dir='ltr'>ed</span> <span class='ocrx_word' id='word_1_104' title='bbox 696 1405 779 1465; x_wconf 88' lang='lat' dir='ltr'>illum</span> <span class='ocrx_word' id='word_1_105' title='bbox 801 1405 898 1466; x_wconf 86' lang='lat' dir='ltr'>solum</span> <span class='ocrx_word' id='word_1_106' title='bbox 921 1403 1113 1465; x_wconf 82' lang='lat' dir='ltr'>redditionem</span> <span class='ocrx_word' id='word_1_107' title='bbox 1135 1407 1242 1465; x_wconf 76' lang='lat' dir='ltr'>refert:</span> <span class='ocrx_word' id='word_1_108' title='bbox 1261 1423 1319 1484; x_wconf 87' lang='lat' dir='ltr'>ego</span> 
     </span>
     <span class='ocr_line' id='line_1_13' title="bbox 220 1495 1317 1576; baseline 0.002 -22"><span class='ocrx_word' id='word_1_109' title='bbox 220 1513 291 1554; x_wconf 89' lang='lat' dir='ltr'>vero</span> <span class='ocrx_word' id='word_1_110' title='bbox 304 1496 385 1556; x_wconf 88' lang='lat' dir='ltr'>etad</span> <span class='ocrx_word' id='word_1_111' title='bbox 401 1495 570 1576; x_wconf 87' lang='lat' dir='ltr'>Lampidem</span> <span class='ocrx_word' id='word_1_112' title='bbox 584 1497 681 1576; x_wconf 89' lang='lat' dir='ltr'>ipsum</span> <span class='ocrx_word' id='word_1_113' title='bbox 693 1507 725 1558; x_wconf 92' lang='lat' dir='ltr'>et</span> <span class='ocrx_word' id='word_1_114' title='bbox 745 1498 784 1558; x_wconf 90' lang='lat' dir='ltr'>ad</span> <span class='ocrx_word' id='word_1_115' title='bbox 802 1516 855 1558; x_wconf 91' lang='lat' dir='ltr'>ecs</span> <span class='ocrx_word' id='word_1_116' title='bbox 872 1497 924 1575; x_wconf 86' lang='lat' dir='ltr'>qui</span> <span class='ocrx_word' id='word_1_117' title='bbox 945 1497 1105 1568; x_wconf 83' lang='lat' dir='ltr'>audierunt¹</span> <span class='ocrx_word' id='word_1_118' title='bbox 1123 1515 1190 1556; x_wconf 90' lang='lat' dir='ltr'>enm</span> <span class='ocrx_word' id='word_1_119' title='bbox 1205 1515 1317 1576; x_wconf 75' lang='lat' dir='ltr'>negem</span> 
     </span>
     <span class='ocr_line' id='line_1_14' title="bbox 220 1589 1318 1667; baseline 0.002 -19"><span class='ocrx_word' id='word_1_120' title='bbox 220 1601 281 1648; x_wconf 87' lang='lat' dir='ltr'>tem</span> <span class='ocrx_word' id='word_1_121' title='bbox 294 1606 325 1648; x_wconf 88' lang='lat' dir='ltr'>se</span> <span class='ocrx_word' id='word_1_122' title='bbox 339 1589 485 1667; x_wconf 82' lang='lat' dir='ltr'>recepisse</span> <span class='ocrx_word' id='word_1_123' title='bbox 506 1607 619 1648; x_wconf 89' lang='lat' dir='ltr'>aurum.</span> <span class='ocrx_word' id='word_1_124' title='bbox 662 1589 716 1651; x_wconf 85' lang='lat' dir='ltr'>isti</span> <span class='ocrx_word' id='word_1_125' title='bbox 734 1590 806 1650; x_wconf 90' lang='lat' dir='ltr'>licet</span> <span class='ocrx_word' id='word_1_126' title='bbox 824 1607 906 1648; x_wconf 90' lang='lat' dir='ltr'>meos</span> <span class='ocrx_word' id='word_1_127' title='bbox 927 1597 1021 1651; x_wconf 85' lang='lat' dir='ltr'>testes</span> <span class='ocrx_word' id='word_1_128' title='bbox 1041 1607 1195 1660; x_wconf 80' lang='lat' dir='ltr'>accusem,</span> <span class='ocrx_word' id='word_1_129' title='bbox 1220 1590 1246 1648; x_wconf 92' lang='lat' dir='ltr'>si</span> <span class='ocrx_word' id='word_1_130' title='bbox 1266 1608 1318 1650; x_wconf 92' lang='lat' dir='ltr'>eos</span> 
     </span>
     <span class='ocr_line' id='line_1_15' title="bbox 220 1681 1320 1763; baseline 0.003 -24"><span class='ocrx_word' id='word_1_131' title='bbox 220 1699 290 1740; x_wconf 86' lang='lat' dir='ltr'>rem</span> <span class='ocrx_word' id='word_1_132' title='bbox 303 1681 383 1760; x_wconf 90' lang='lat' dir='ltr'>loqui</span> <span class='ocrx_word' id='word_1_133' title='bbox 397 1693 505 1763; x_wconf 88' lang='lat' dir='ltr'>negat:</span> <span class='ocrx_word' id='word_1_134' title='bbox 527 1701 584 1761; x_wconf 84' lang='lat' dir='ltr'>ego</span> <span class='ocrx_word' id='word_1_135' title='bbox 597 1701 667 1742; x_wconf 87' lang='lat' dir='ltr'>vero</span> <span class='ocrx_word' id='word_1_136' title='bbox 680 1683 752 1762; x_wconf 90' lang='lat' dir='ltr'>quid</span> <span class='ocrx_word' id='word_1_137' title='bbox 770 1701 838 1742; x_wconf 90' lang='lat' dir='ltr'>cum</span> <span class='ocrx_word' id='word_1_138' title='bbox 855 1681 933 1741; x_wconf 88' lang='lat' dir='ltr'>illius</span> <span class='ocrx_word' id='word_1_139' title='bbox 947 1683 1073 1742; x_wconf 89' lang='lat' dir='ltr'>testibus</span> <span class='ocrx_word' id='word_1_140' title='bbox 1089 1695 1177 1760; x_wconf 84' lang='lat' dir='ltr'>agam</span> <span class='ocrx_word' id='word_1_141' title='bbox 1194 1689 1252 1740; x_wconf 82' lang='lat' dir='ltr'>non&#39;</span> <span class='ocrx_word' id='word_1_142' title='bbox 1264 1681 1320 1742; x_wconf 86' lang='lat' dir='ltr'>ha·</span> 
     </span>
     <span class='ocr_line' id='line_1_16' title="bbox 219 1771 1319 1864; baseline 0.002 -34"><span class='ocrx_word' id='word_1_143' title='bbox 219 1771 284 1842; x_wconf 87' lang='lat' dir='ltr'>beo,</span> <span class='ocrx_word' id='word_1_144' title='bbox 305 1773 356 1850; x_wconf 90' lang='lat' dir='ltr'>qui</span> <span class='ocrx_word' id='word_1_145' title='bbox 380 1793 412 1834; x_wconf 90' lang='lat' dir='ltr'>se</span> <span class='ocrx_word' id='word_1_146' title='bbox 433 1775 508 1834; x_wconf 87' lang='lat' dir='ltr'>scire</span> <span class='ocrx_word' id='word_1_147' title='bbox 529 1773 632 1864; x_wconf 76' lang='lat' dir='ltr'>dicunt</span> <span class='ocrx_word' id='word_1_148' title='bbox 654 1784 798 1836; x_wconf 85' lang='lat' dir='ltr'>testatum</span> <span class='ocrx_word' id='word_1_149' title='bbox 825 1793 892 1834; x_wconf 86' lang='lat' dir='ltr'>esse</span> <span class='ocrx_word' id='word_1_150' title='bbox 914 1774 1090 1855; x_wconf 89' lang='lat' dir='ltr'>Lampidem</span> <span class='ocrx_word' id='word_1_151' title='bbox 1119 1793 1151 1834; x_wconf 87' lang='lat' dir='ltr'>se</span> <span class='ocrx_word' id='word_1_152' title='bbox 1174 1772 1319 1852; x_wconf 78' lang='lat' dir='ltr'>recepisse</span> 
     </span>
     <span class='ocr_line' id='line_1_17' title="bbox 219 1861 1319 1950; baseline 0 -26"><span class='ocrx_word' id='word_1_153' title='bbox 219 1883 332 1924; x_wconf 87' lang='lat' dir='ltr'>aurum.</span> <span class='ocrx_word' id='word_1_154' title='bbox 358 1865 435 1923; x_wconf 84' lang='lat' dir='ltr'>Nem</span> <span class='ocrx_word' id='word_1_155' title='bbox 449 1865 473 1926; x_wconf 89' lang='lat' dir='ltr'>si</span> <span class='ocrx_word' id='word_1_156' title='bbox 486 1867 684 1926; x_wconf 82' lang='lat' dir='ltr'>testimonium</span> <span class='ocrx_word' id='word_1_157' title='bbox 696 1868 844 1950; x_wconf 90' lang='lat' dir='ltr'>Lampidis</span> <span class='ocrx_word' id='word_1_158' title='bbox 857 1867 906 1925; x_wconf 88' lang='lat' dir='ltr'>hic</span> <span class='ocrx_word' id='word_1_159' title='bbox 918 1861 1103 1942; x_wconf 81' lang='lat' dir='ltr'>proferretur,</span> <span class='ocrx_word' id='word_1_160' title='bbox 1115 1866 1172 1942; x_wconf 90' lang='lat' dir='ltr'>ipsi</span> <span class='ocrx_word' id='word_1_161' title='bbox 1183 1865 1319 1924; x_wconf 77' lang='lat' dir='ltr'>fortassis</span> 
     </span>
     <span class='ocr_line' id='line_1_18' title="bbox 219 1954 1317 2034; baseline -0.003 -21"><span class='ocrx_word' id='word_1_162' title='bbox 219 1973 336 2034; x_wconf 73' lang='lat' dir='ltr'>aequum</span> <span class='ocrx_word' id='word_1_163' title='bbox 355 1973 421 2014; x_wconf 87' lang='lat' dir='ltr'>asse</span> <span class='ocrx_word' id='word_1_164' title='bbox 437 1956 567 2014; x_wconf 84' lang='lat' dir='ltr'>dicerent</span> <span class='ocrx_word' id='word_1_165' title='bbox 580 1966 614 2014; x_wconf 90' lang='lat' dir='ltr'>ut</span> <span class='ocrx_word' id='word_1_166' title='bbox 626 1958 655 2014; x_wconf 90' lang='lat' dir='ltr'>in</span> <span class='ocrx_word' id='word_1_167' title='bbox 676 1965 745 2014; x_wconf 84' lang='lat' dir='ltr'>eum</span> <span class='ocrx_word' id='word_1_168' title='bbox 759 1973 896 2032; x_wconf 79' lang='lat' dir='ltr'>agerem:</span> <span class='ocrx_word' id='word_1_169' title='bbox 919 1973 997 2012; x_wconf 90' lang='lat' dir='ltr'>nunc</span> <span class='ocrx_word' id='word_1_170' title='bbox 1015 1973 1111 2030; x_wconf 86' lang='lat' dir='ltr'>neque</span> <span class='ocrx_word' id='word_1_171' title='bbox 1134 1954 1165 2011; x_wconf 95' lang='lat' dir='ltr'>id</span> <span class='ocrx_word' id='word_1_172' title='bbox 1187 1954 1317 2024; x_wconf 70' lang='lat' dir='ltr'>maumo-</span> 
     </span>
     <span class='ocr_line' id='line_1_19' title="bbox 218 2043 1318 2123; baseline 0 -19"><span class='ocrx_word' id='word_1_173' title='bbox 218 2047 298 2110; x_wconf 87' lang='lat' dir='ltr'>nium</span> <span class='ocrx_word' id='word_1_174' title='bbox 313 2045 419 2114; x_wconf 88' lang='lat' dir='ltr'>habeo,</span> <span class='ocrx_word' id='word_1_175' title='bbox 432 2054 463 2103; x_wconf 88' lang='lat' dir='ltr'>et</span> <span class='ocrx_word' id='word_1_176' title='bbox 477 2045 533 2104; x_wconf 85' lang='lat' dir='ltr'>ists</span> <span class='ocrx_word' id='word_1_177' title='bbox 554 2064 587 2104; x_wconf 92' lang='lat' dir='ltr'>se</span> <span class='ocrx_word' id='word_1_178' title='bbox 607 2045 777 2114; x_wconf 85' lang='lat' dir='ltr'>indemnem</span> <span class='ocrx_word' id='word_1_179' title='bbox 795 2063 862 2104; x_wconf 88' lang='lat' dir='ltr'>esse</span> <span class='ocrx_word' id='word_1_180' title='bbox 876 2053 972 2122; x_wconf 90' lang='lat' dir='ltr'>putat,</span> <span class='ocrx_word' id='word_1_181' title='bbox 984 2043 1066 2103; x_wconf 86' lang='lat' dir='ltr'>nullo</span> <span class='ocrx_word' id='word_1_182' title='bbox 1089 2045 1174 2104; x_wconf 85' lang='lat' dir='ltr'>tirmo</span> <span class='ocrx_word' id='word_1_183' title='bbox 1195 2043 1318 2123; x_wconf 86' lang='lat' dir='ltr'>pignore</span> 
     </span>
     <span class='ocr_line' id='line_1_20' title="bbox 192 2136 1036 2217; baseline 0 -21"><span class='ocrx_word' id='word_1_184' title='bbox 192 2151 193 2156; x_wconf 73' lang='grc'>’</span> <span class='ocrx_word' id='word_1_185' title='bbox 217 2137 318 2198; x_wconf 83' lang='lat' dir='ltr'>relicto</span> <span class='ocrx_word' id='word_1_186' title='bbox 332 2155 432 2198; x_wconf 90' lang='lat' dir='ltr'>eorum</span> <span class='ocrx_word' id='word_1_187' title='bbox 450 2155 517 2217; x_wconf 77' lang='lat' dir='ltr'>que</span> <span class='ocrx_word' id='word_1_188' title='bbox 531 2157 582 2198; x_wconf 89' lang='lat' dir='ltr'>vos</span> <span class='ocrx_word' id='word_1_189' title='bbox 593 2138 751 2198; x_wconf 85' lang='lat' dir='ltr'>decernere</span> <span class='ocrx_word' id='word_1_190' title='bbox 763 2136 905 2216; x_wconf 85' lang='lat' dir='ltr'>postulat.</span> <span class='ocrx_word' id='word_1_191' title='bbox 1032 2177 1036 2184; x_wconf 86' lang='lat'><em>-</em></span> 
     </span>
    </p>

    <p class='ocr_par' dir='ltr' id='par_1_3' title="bbox 216 2227 1319 2499">
     <span class='ocr_line' id='line_1_21' title="bbox 261 2227 1319 2308; baseline 0.001 -20"><span class='ocrx_word' id='word_1_192' title='bbox 261 2231 309 2288; x_wconf 83' lang='lat' dir='ltr'>lo.</span> <span class='ocrx_word' id='word_1_193' title='bbox 330 2229 409 2297; x_wconf 89' lang='lat' dir='ltr'>Quid</span> <span class='ocrx_word' id='word_1_194' title='bbox 419 2249 488 2290; x_wconf 92' lang='lat' dir='ltr'>vero</span> <span class='ocrx_word' id='word_1_195' title='bbox 503 2230 564 2289; x_wconf 88' lang='lat' dir='ltr'>fieri</span> <span class='ocrx_word' id='word_1_196' title='bbox 575 2240 664 2308; x_wconf 84' lang='lat' dir='ltr'>queat</span> <span class='ocrx_word' id='word_1_197' title='bbox 676 2227 832 2288; x_wconf 76' lang='lat' dir='ltr'>absurdius</span> <span class='ocrx_word' id='word_1_198' title='bbox 845 2247 932 2306; x_wconf 86' lang='lat' dir='ltr'>quam</span> <span class='ocrx_word' id='word_1_199' title='bbox 945 2247 1009 2298; x_wconf 87' lang='lat' dir='ltr'>vos,</span> <span class='ocrx_word' id='word_1_200' title='bbox 1020 2245 1088 2286; x_wconf 92' lang='lat' dir='ltr'>cum</span> <span class='ocrx_word' id='word_1_201' title='bbox 1101 2227 1165 2305; x_wconf 91' lang='lat' dir='ltr'>ipse</span> <span class='ocrx_word' id='word_1_202' title='bbox 1180 2228 1319 2290; x_wconf 85' lang='lat' dir='ltr'>Phormio</span> 
     </span>
     <span class='ocr_line' id='line_1_22' title="bbox 219 2311 1317 2401; baseline 0.002 -21"><span class='ocrx_word' id='word_1_203' title='bbox 219 2340 252 2380; x_wconf 88' lang='lat' dir='ltr'>se</span> <span class='ocrx_word' id='word_1_204' title='bbox 265 2311 429 2384; x_wconf 87' lang='lat' dir='ltr'>mutuatum</span> <span class='ocrx_word' id='word_1_205' title='bbox 443 2341 510 2382; x_wconf 88' lang='lat' dir='ltr'>esse</span> <span class='ocrx_word' id='word_1_206' title='bbox 525 2323 663 2392; x_wconf 79' lang='lat' dir='ltr'>fateatur,</span> <span class='ocrx_word' id='word_1_207' title='bbox 683 2319 738 2379; x_wconf 87' lang='lat' dir='ltr'>sed</span> <span class='ocrx_word' id='word_1_208' title='bbox 752 2318 916 2379; x_wconf 88' lang='lat' dir='ltr'>reddidisse</span> <span class='ocrx_word' id='word_1_209' title='bbox 931 2320 1021 2391; x_wconf 88' lang='lat' dir='ltr'>dicat,</span> <span class='ocrx_word' id='word_1_210' title='bbox 1036 2318 1066 2378; x_wconf 92' lang='lat' dir='ltr'>id</span> <span class='ocrx_word' id='word_1_211' title='bbox 1085 2319 1165 2396; x_wconf 90' lang='lat' dir='ltr'>quod</span> <span class='ocrx_word' id='word_1_212' title='bbox 1184 2320 1240 2380; x_wconf 90' lang='lat' dir='ltr'>iste</span> <span class='ocrx_word' id='word_1_213' title='bbox 1252 2322 1317 2401; x_wconf 89' lang='lat' dir='ltr'>ipse</span> 
     </span>
     <span class='ocr_line' id='line_1_23' title="bbox 216 2411 1315 2499; baseline -0.002 -27"><span class='ocrx_word' id='word_1_214' title='bbox 216 2413 373 2499; x_wconf 74' lang='lat' dir='ltr'>confitetur</span> <span class='ocrx_word' id='word_1_215' title='bbox 393 2413 490 2474; x_wconf 80' lang='lat' dir='ltr'>iacere</span> <span class='ocrx_word' id='word_1_216' title='bbox 512 2411 632 2483; x_wconf 88' lang='lat' dir='ltr'>irritum,</span> <span class='ocrx_word' id='word_1_217' title='bbox 647 2411 678 2469; x_wconf 94' lang='lat' dir='ltr'>id</span> <span class='ocrx_word' id='word_1_218' title='bbox 696 2430 765 2472; x_wconf 91' lang='lat' dir='ltr'>vero</span> <span class='ocrx_word' id='word_1_219' title='bbox 778 2413 860 2490; x_wconf 87' lang='lat' dir='ltr'>quod</span> <span class='ocrx_word' id='word_1_220' title='bbox 876 2413 913 2470; x_wconf 84' lang='lat' dir='ltr'>in</span> <span class='ocrx_word' id='word_1_221' title='bbox 932 2411 1131 2471; x_wconf 87' lang='lat' dir='ltr'>controversis</span> <span class='ocrx_word' id='word_1_222' title='bbox 1151 2415 1198 2471; x_wconf 88' lang='lat' dir='ltr'>est</span> <span class='ocrx_word' id='word_1_223' title='bbox 1219 2423 1315 2472; x_wconf 86' lang='lat' dir='ltr'>return</span> 
     </span>
    </p>
   </div>
   <div class='ocr_carea' id='block_1_3' title="bbox 217 2505 1431 2584">
    <p class='ocr_par' dir='ltr' id='par_1_4' title="bbox 217 2505 1431 2584">
     <span class='ocr_line' id='line_1_24' title="bbox 217 2505 1431 2584; baseline -0.002 -20"><span class='ocrx_word' id='word_1_224' title='bbox 217 2525 283 2565; x_wconf 90' lang='lat' dir='ltr'>esse</span> <span class='ocrx_word' id='word_1_225' title='bbox 307 2505 483 2566; x_wconf 72' lang='lat' dir='ltr'>decernere?</span> <span class='ocrx_word' id='word_1_226' title='bbox 512 2505 588 2564; x_wconf 87' lang='lat' dir='ltr'>Cum</span> <span class='ocrx_word' id='word_1_227' title='bbox 612 2505 737 2584; x_wconf 82' lang='lat' dir='ltr'>Lampia,</span> <span class='ocrx_word' id='word_1_228' title='bbox 757 2523 816 2584; x_wconf 92' lang='lat' dir='ltr'>quo</span> <span class='ocrx_word' id='word_1_229' title='bbox 839 2507 893 2565; x_wconf 85' lang='lat' dir='ltr'>iste</span> <span class='ocrx_word' id='word_1_230' title='bbox 916 2506 1010 2565; x_wconf 82' lang='lat' dir='ltr'>fretus</span> <span class='ocrx_word' id='word_1_231' title='bbox 1033 2515 1092 2578; x_wconf 88' lang='lat' dir='ltr'>est,</span> <span class='ocrx_word' id='word_1_232' title='bbox 1115 2505 1314 2565; x_wconf 86' lang='lat' dir='ltr'>testimonium</span> <span class='ocrx_word' id='word_1_233' title='bbox 1428 2558 1431 2562; x_wconf 87' lang='lat'>.</span> 
     </span>
    </p>
   </div>
   <div class='ocr_carea' id='block_1_4' title="bbox 217 2595 1315 2676">
    <p class='ocr_par' dir='ltr' id='par_1_5' title="bbox 217 2595 1315 2676">
     <span class='ocr_line' id='line_1_25' title="bbox 217 2595 1315 2676; baseline -0.001 -19"><span class='ocrx_word' id='word_1_234' title='bbox 217 2597 308 2670; x_wconf 90' lang='lat' dir='ltr'>dicat,</span> <span class='ocrx_word' id='word_1_235' title='bbox 321 2599 371 2676; x_wconf 92' lang='lat' dir='ltr'>qui</span> <span class='ocrx_word' id='word_1_236' title='bbox 391 2598 431 2657; x_wconf 81' lang='lat' dir='ltr'>ab</span> <span class='ocrx_word' id='word_1_237' title='bbox 448 2597 529 2656; x_wconf 87' lang='lat' dir='ltr'>initio</span> <span class='ocrx_word' id='word_1_238' title='bbox 552 2615 582 2656; x_wconf 86' lang='lat' dir='ltr'>se</span> <span class='ocrx_word' id='word_1_239' title='bbox 600 2598 747 2676; x_wconf 85' lang='lat' dir='ltr'>recepisse</span> <span class='ocrx_word' id='word_1_240' title='bbox 764 2615 869 2656; x_wconf 86' lang='lat' dir='ltr'>aurum</span> <span class='ocrx_word' id='word_1_241' title='bbox 882 2597 1023 2676; x_wconf 83' lang='lat' dir='ltr'>negavit:</span> <span class='ocrx_word' id='word_1_242' title='bbox 1044 2595 1137 2656; x_wconf 91' lang='lat' dir='ltr'>vossi</span> <span class='ocrx_word' id='word_1_243' title='bbox 1150 2596 1315 2657; x_wconf 83' lang='lat' dir='ltr'>decernetis</span> 
     </span>
    </p>
   </div>
   <div class='ocr_carea' id='block_1_5' title="bbox 107 2679 1314 2775">
    <p class='ocr_par' dir='ltr' id='par_1_6' title="bbox 107 2679 1314 2775">
     <span class='ocr_line' id='line_1_26' title="bbox 107 2679 1314 2775; baseline 0.001 -28"><span class='ocrx_word' id='word_1_244' title='bbox 107 2679 111 2688; x_wconf 78' lang='grc'><strong><em>’</em></strong></span> <span class='ocrx_word' id='word_1_245' title='bbox 216 2688 248 2748; x_wconf 92' lang='lat' dir='ltr'>id</span> <span class='ocrx_word' id='word_1_246' title='bbox 272 2709 338 2750; x_wconf 89' lang='lat' dir='ltr'>eum</span> <span class='ocrx_word' id='word_1_247' title='bbox 363 2681 603 2769; x_wconf 66' lang='lat' dir='ltr'>recepissemus</span> <span class='ocrx_word' id='word_1_248' title='bbox 627 2689 717 2748; x_wconf 78' lang='lat' dir='ltr'>mturi</span> <span class='ocrx_word' id='word_1_249' title='bbox 740 2690 811 2750; x_wconf 88' lang='lat' dir='ltr'>eatis</span> <span class='ocrx_word' id='word_1_250' title='bbox 834 2699 926 2775; x_wconf 77' lang='lat' dir='ltr'>testes</span> <span class='ocrx_word' id='word_1_251' title='bbox 948 2687 1079 2768; x_wconf 66' lang='lat' dir='ltr'>negotii?</span> <span class='ocrx_word' id='word_1_252' title='bbox 1116 2689 1233 2766; x_wconf 82' lang='lat' dir='ltr'>lisqnsa</span> <span class='ocrx_word' id='word_1_253' title='bbox 1246 2709 1314 2749; x_wconf 91' lang='lat' dir='ltr'>vere</span> 
     </span>
    </p>
   </div>
   <div class='ocr_carea' id='block_1_6' title="bbox 143 2771 1385 3598">
    <p class='ocr_par' dir='ltr' id='par_1_7' title="bbox 213 2771 1355 3322">
     <span class='ocr_line' id='line_1_27' title="bbox 217 2771 1314 2864; baseline -0.001 -23"><span class='ocrx_word' id='word_1_254' title='bbox 217 2771 300 2856; x_wconf 70' lang='lat' dir='ltr'>dixit,</span> <span class='ocrx_word' id='word_1_255' title='bbox 312 2801 371 2840; x_wconf 94' lang='lat' dir='ltr'>non</span> <span class='ocrx_word' id='word_1_256' title='bbox 385 2780 506 2839; x_wconf 86' lang='lat' dir='ltr'>utemini</span> <span class='ocrx_word' id='word_1_257' title='bbox 520 2799 573 2860; x_wconf 88' lang='lat' dir='ltr'>pro</span> <span class='ocrx_word' id='word_1_258' title='bbox 586 2789 778 2858; x_wconf 84' lang='lat' dir='ltr'>argumento:</span> <span class='ocrx_word' id='word_1_259' title='bbox 800 2801 868 2859; x_wconf 84' lang='lat' dir='ltr'>quoe</span> <span class='ocrx_word' id='word_1_260' title='bbox 890 2799 959 2840; x_wconf 87' lang='lat' dir='ltr'>vero</span> <span class='ocrx_word' id='word_1_261' title='bbox 976 2791 1218 2864; x_wconf 76' lang='lat' dir='ltr'>commentorem</span> <span class='ocrx_word' id='word_1_262' title='bbox 1232 2781 1314 2840; x_wconf 89' lang='lat' dir='ltr'>dein-</span> 
     </span>
     <span class='ocr_line' id='line_1_28' title="bbox 215 2870 1314 2954; baseline -0.005 -20"><span class='ocrx_word' id='word_1_263' title='bbox 215 2891 298 2953; x_wconf 89' lang='lat' dir='ltr'>ceps,</span> <span class='ocrx_word' id='word_1_264' title='bbox 310 2882 468 2954; x_wconf 87' lang='lat' dir='ltr'>postquam</span> <span class='ocrx_word' id='word_1_265' title='bbox 492 2881 647 2952; x_wconf 87' lang='lat' dir='ltr'>corruptus</span> <span class='ocrx_word' id='word_1_266' title='bbox 667 2872 734 2942; x_wconf 85' lang='lat' dir='ltr'>t&#39;uit,</span> <span class='ocrx_word' id='word_1_267' title='bbox 751 2891 790 2932; x_wconf 90' lang='lat' dir='ltr'>ea</span> <span class='ocrx_word' id='word_1_268' title='bbox 801 2870 986 2932; x_wconf 86' lang='lat' dir='ltr'>credibiliora</span> <span class='ocrx_word' id='word_1_269' title='bbox 1006 2889 1074 2929; x_wconf 90' lang='lat' dir='ltr'>esse</span> <span class='ocrx_word' id='word_1_270' title='bbox 1093 2871 1314 2931; x_wconf 72' lang='lat' dir='ltr'>existimabitis?</span> 
     </span>
     <span class='ocr_line' id='line_1_29' title="bbox 216 2961 1314 3046; baseline -0.001 -20"><span class='ocrx_word' id='word_1_271' title='bbox 216 2967 308 3046; x_wconf 70' lang='lat' dir='ltr'>Atqui</span> <span class='ocrx_word' id='word_1_272' title='bbox 323 2965 414 3026; x_wconf 85' lang='lat' dir='ltr'>multo</span> <span class='ocrx_word' id='word_1_273' title='bbox 423 2967 533 3042; x_wconf 90' lang='lat' dir='ltr'>justius</span> <span class='ocrx_word' id='word_1_274' title='bbox 547 2975 602 3036; x_wconf 78' lang='lat' dir='ltr'>est,</span> <span class='ocrx_word' id='word_1_275' title='bbox 614 2965 817 3036; x_wconf 85' lang='lat' dir='ltr'>Athenienses,</span> <span class='ocrx_word' id='word_1_276' title='bbox 827 2983 863 3023; x_wconf 76' lang='lat' dir='ltr'>ex</span> <span class='ocrx_word' id='word_1_277' title='bbox 873 2963 918 3022; x_wconf 92' lang='lat' dir='ltr'>his</span> <span class='ocrx_word' id='word_1_278' title='bbox 931 2981 1000 3042; x_wconf 77' lang='lat' dir='ltr'>quar</span> <span class='ocrx_word' id='word_1_279' title='bbox 1013 2964 1051 3022; x_wconf 88' lang='lat' dir='ltr'>ah</span> <span class='ocrx_word' id='word_1_280' title='bbox 1063 2961 1144 3022; x_wconf 87' lang='lat' dir='ltr'>initio</span> <span class='ocrx_word' id='word_1_281' title='bbox 1153 2963 1233 3024; x_wconf 80' lang='lat' dir='ltr'>dicta</span> <span class='ocrx_word' id='word_1_282' title='bbox 1243 2975 1314 3025; x_wconf 86' lang='lat' dir='ltr'>sunt</span> 
     </span>
     <span class='ocr_line' id='line_1_30' title="bbox 213 3054 1313 3138; baseline -0.002 -20"><span class='ocrx_word' id='word_1_283' title='bbox 213 3059 410 3138; x_wconf 88' lang='lat' dir='ltr'>conjecturam</span> <span class='ocrx_word' id='word_1_284' title='bbox 424 3076 528 3136; x_wconf 87' lang='lat' dir='ltr'>capere</span> <span class='ocrx_word' id='word_1_285' title='bbox 539 3056 645 3135; x_wconf 79' lang='lat' dir='ltr'>,potius</span> <span class='ocrx_word' id='word_1_286' title='bbox 664 3073 754 3134; x_wconf 89' lang='lat' dir='ltr'>quam</span> <span class='ocrx_word' id='word_1_287' title='bbox 767 3075 804 3114; x_wconf 83' lang='lat' dir='ltr'>er</span> <span class='ocrx_word' id='word_1_288' title='bbox 818 3056 853 3114; x_wconf 88' lang='lat' dir='ltr'>iis</span> <span class='ocrx_word' id='word_1_289' title='bbox 867 3074 933 3133; x_wconf 75' lang='lat' dir='ltr'>que</span> <span class='ocrx_word' id='word_1_290' title='bbox 944 3064 1050 3133; x_wconf 83' lang='lat' dir='ltr'>postea</span> <span class='ocrx_word' id='word_1_291' title='bbox 1062 3054 1238 3114; x_wconf 86' lang='lat' dir='ltr'>concinnata</span> <span class='ocrx_word' id='word_1_292' title='bbox 1248 3057 1313 3116; x_wconf 83' lang='lat' dir='ltr'>ine·</span> 
     </span>
     <span class='ocr_line' id='line_1_31' title="bbox 215 3146 1312 3228; baseline 0.001 -20"><span class='ocrx_word' id='word_1_293' title='bbox 215 3160 299 3208; x_wconf 88' lang='lat' dir='ltr'>runt:</span> <span class='ocrx_word' id='word_1_294' title='bbox 320 3167 387 3208; x_wconf 91' lang='lat' dir='ltr'>nam</span> <span class='ocrx_word' id='word_1_295' title='bbox 402 3165 439 3206; x_wconf 86' lang='lat' dir='ltr'>ea</span> <span class='ocrx_word' id='word_1_296' title='bbox 450 3167 510 3206; x_wconf 91' lang='lat' dir='ltr'>non</span> <span class='ocrx_word' id='word_1_297' title='bbox 525 3148 657 3219; x_wconf 89' lang='lat' dir='ltr'>edoctus,</span> <span class='ocrx_word' id='word_1_298' title='bbox 673 3147 726 3207; x_wconf 88' lang='lat' dir='ltr'>sed</span> <span class='ocrx_word' id='word_1_299' title='bbox 740 3147 871 3206; x_wconf 86' lang='lat' dir='ltr'>veritatis</span> <span class='ocrx_word' id='word_1_300' title='bbox 885 3146 983 3206; x_wconf 88' lang='lat' dir='ltr'>studio</span> <span class='ocrx_word' id='word_1_301' title='bbox 997 3146 1123 3219; x_wconf 87' lang='lat' dir='ltr'>dicebat,</span> <span class='ocrx_word' id='word_1_302' title='bbox 1133 3147 1199 3208; x_wconf 76' lang='lat' dir='ltr'>hee</span> <span class='ocrx_word' id='word_1_303' title='bbox 1213 3159 1312 3228; x_wconf 92' lang='lat' dir='ltr'>poste·</span> 
     </span>
     <span class='ocr_line' id='line_1_32' title="bbox 215 3233 1324 3322; baseline 0.003 -21"><span class='ocrx_word' id='word_1_304' title='bbox 215 3241 290 3301; x_wconf 88' lang='lat' dir='ltr'>riora</span> <span class='ocrx_word' id='word_1_305' title='bbox 311 3259 361 3317; x_wconf 89' lang='lat' dir='ltr'>per</span> <span class='ocrx_word' id='word_1_306' title='bbox 372 3239 558 3298; x_wconf 86' lang='lat' dir='ltr'>mendacium</span> <span class='ocrx_word' id='word_1_307' title='bbox 574 3249 605 3299; x_wconf 90' lang='lat' dir='ltr'>et</span> <span class='ocrx_word' id='word_1_308' title='bbox 622 3239 660 3300; x_wconf 89' lang='lat' dir='ltr'>ad</span> <span class='ocrx_word' id='word_1_309' title='bbox 675 3258 759 3300; x_wconf 88' lang='lat' dir='ltr'>suam</span> <span class='ocrx_word' id='word_1_310' title='bbox 773 3240 939 3301; x_wconf 84' lang='lat' dir='ltr'>utilitatem.</span> <span class='ocrx_word' id='word_1_311' title='bbox 981 3239 1186 3302; x_wconf 86' lang='lat' dir='ltr'>Recordamini</span> <span class='ocrx_word' id='word_1_312' title='bbox 1201 3233 1324 3322; x_wconf 74' lang='lat' dir='ltr'>quaeso,</span> 
     </span>
    </p>

    <p class='ocr_par' dir='ltr' id='par_1_8' title="bbox 143 3318 1385 3598">
     <span class='ocr_line' id='line_1_33' title="bbox 215 3318 1364 3412; baseline 0.002 -20"><span class='ocrx_word' id='word_1_313' title='bbox 215 3331 419 3401; x_wconf 79' lang='lat' dir='ltr'>Athenienses,</span> <span class='ocrx_word' id='word_1_314' title='bbox 434 3350 488 3391; x_wconf 90' lang='lat' dir='ltr'>nec</span> <span class='ocrx_word' id='word_1_315' title='bbox 508 3331 604 3411; x_wconf 90' lang='lat' dir='ltr'>ipsum</span> <span class='ocrx_word' id='word_1_316' title='bbox 619 3332 789 3412; x_wconf 90' lang='lat' dir='ltr'>Lampidem</span> <span class='ocrx_word' id='word_1_317' title='bbox 799 3351 937 3412; x_wconf 80' lang='lat' dir='ltr'>negasse,</span> <span class='ocrx_word' id='word_1_318' title='bbox 951 3333 1022 3410; x_wconf 91' lang='lat' dir='ltr'>quin</span> <span class='ocrx_word' id='word_1_319' title='bbox 1035 3334 1150 3405; x_wconf 86' lang='lat' dir='ltr'>dixerit,</span> <span class='ocrx_word' id='word_1_320' title='bbox 1162 3353 1194 3394; x_wconf 90' lang='lat' dir='ltr'>se</span> <span class='ocrx_word' id='word_1_321' title='bbox 1208 3355 1311 3397; x_wconf 87' lang='lat' dir='ltr'>aurum</span> <span class='ocrx_word' id='word_1_322' title='bbox 1360 3318 1364 3328; x_wconf 46' lang='lat'>¹</span> 
     </span>
     <span class='ocr_line' id='line_1_34' title="bbox 213 3420 1312 3504; baseline 0 -20"><span class='ocrx_word' id='word_1_323' title='bbox 213 3442 274 3484; x_wconf 94' lang='lat' dir='ltr'>non</span> <span class='ocrx_word' id='word_1_324' title='bbox 288 3423 450 3502; x_wconf 85' lang='lat' dir='ltr'>recepisse:</span> <span class='ocrx_word' id='word_1_325' title='bbox 471 3424 525 3504; x_wconf 83' lang='lat' dir='ltr'>sed</span> <span class='ocrx_word' id='word_1_326' title='bbox 538 3423 706 3484; x_wconf 79' lang='lat' dir='ltr'>confessum</span> <span class='ocrx_word' id='word_1_327' title='bbox 721 3445 788 3484; x_wconf 89' lang='lat' dir='ltr'>esse</span> <span class='ocrx_word' id='word_1_328' title='bbox 804 3425 922 3503; x_wconf 89' lang='lat' dir='ltr'>quidem</span> <span class='ocrx_word' id='word_1_329' title='bbox 936 3445 968 3484; x_wconf 90' lang='lat' dir='ltr'>se</span> <span class='ocrx_word' id='word_1_330' title='bbox 979 3423 1011 3483; x_wconf 92' lang='lat' dir='ltr'>id</span> <span class='ocrx_word' id='word_1_331' title='bbox 1024 3425 1146 3497; x_wconf 83' lang='lat' dir='ltr'>dixisse,</span> <span class='ocrx_word' id='word_1_332' title='bbox 1163 3420 1312 3488; x_wconf 79' lang='lat' dir='ltr'>commeri-</span> 
     </span>
     <span class='ocr_line' id='line_1_35' title="bbox 143 3515 1385 3598; baseline -0.002 -21"><span class='ocrx_word' id='word_1_333' title='bbox 143 3527 157 3566; x_wconf 85' lang='lat'>&#39;·</span> <span class='ocrx_word' id='word_1_334' title='bbox 214 3526 387 3577; x_wconf 81' lang='lat' dir='ltr'>tumentem</span> <span class='ocrx_word' id='word_1_335' title='bbox 407 3527 470 3576; x_wconf 90' lang='lat' dir='ltr'>tum</span> <span class='ocrx_word' id='word_1_336' title='bbox 492 3515 604 3576; x_wconf 79' lang='lat' dir='ltr'>dixisse</span> <span class='ocrx_word' id='word_1_337' title='bbox 623 3535 689 3576; x_wconf 88' lang='lat' dir='ltr'>cum</span> <span class='ocrx_word' id='word_1_338' title='bbox 706 3517 859 3597; x_wconf 87' lang='lat' dir='ltr'>uonapud</span> <span class='ocrx_word' id='word_1_339' title='bbox 875 3537 908 3578; x_wconf 91' lang='lat' dir='ltr'>se</span> <span class='ocrx_word' id='word_1_340' title='bbox 922 3526 1012 3578; x_wconf 89' lang='lat' dir='ltr'>esset.</span> <span class='ocrx_word' id='word_1_341' title='bbox 1053 3517 1311 3598; x_wconf 85' lang='lat' dir='ltr'>Absurdumpro·</span> <span class='ocrx_word' id='word_1_342' title='bbox 1378 3564 1385 3574; x_wconf 38' lang='lat' dir='ltr'>r</span> 
     </span>
    </p>
   </div>
   <div class='ocr_carea' id='block_1_7' title="bbox 89 3607 1312 3698">
    <p class='ocr_par' dir='ltr' id='par_1_9' title="bbox 89 3607 1312 3698">
     <span class='ocr_line' id='line_1_36' title="bbox 89 3607 1312 3698; baseline 0.001 -29"><span class='ocrx_word' id='word_1_343' title='bbox 89 3621 93 3629; x_wconf 84' lang='grc'><strong>“</strong></span> <span class='ocrx_word' id='word_1_344' title='bbox 212 3609 292 3670; x_wconf 81' lang='lat' dir='ltr'>fecto</span> <span class='ocrx_word' id='word_1_345' title='bbox 315 3607 379 3682; x_wconf 91' lang='lat' dir='ltr'>erit,</span> <span class='ocrx_word' id='word_1_346' title='bbox 403 3608 428 3668; x_wconf 87' lang='lat' dir='ltr'>si</span> <span class='ocrx_word' id='word_1_347' title='bbox 451 3608 514 3688; x_wconf 88' lang='lat' dir='ltr'>ejus</span> <span class='ocrx_word' id='word_1_348' title='bbox 535 3609 741 3698; x_wconf 83' lang='lat' dir='ltr'>testimonium,</span> <span class='ocrx_word' id='word_1_349' title='bbox 756 3619 901 3688; x_wconf 87' lang='lat' dir='ltr'>quatenus</span> <span class='ocrx_word' id='word_1_350' title='bbox 918 3609 1134 3675; x_wconf 77' lang='lat' dir='ltr'>fraudatoribus</span> <span class='ocrx_word' id='word_1_351' title='bbox 1157 3612 1312 3671; x_wconf 88' lang='lat' dir='ltr'>commodo</span> 
     </span>
    </p>
   </div>
   <div class='ocr_carea' id='block_1_8' title="bbox 212 3700 1312 4238">
    <p class='ocr_par' dir='ltr' id='par_1_10' title="bbox 212 3700 1311 3872">
     <span class='ocr_line' id='line_1_37' title="bbox 212 3700 1311 3788; baseline 0.001 -26"><span class='ocrx_word' id='word_1_352' title='bbox 212 3710 269 3773; x_wconf 84' lang='lat' dir='ltr'>est,</span> <span class='ocrx_word' id='word_1_353' title='bbox 283 3711 316 3760; x_wconf 93' lang='lat' dir='ltr'>ut</span> <span class='ocrx_word' id='word_1_354' title='bbox 329 3719 429 3760; x_wconf 89' lang='lat' dir='ltr'>verum</span> <span class='ocrx_word' id='word_1_355' title='bbox 444 3701 749 3788; x_wconf 31' lang='lat' dir='ltr'>audietur,¹quatenus</span> <span class='ocrx_word' id='word_1_356' title='bbox 763 3722 833 3762; x_wconf 87' lang='lat' dir='ltr'>vero</span> <span class='ocrx_word' id='word_1_357' title='bbox 847 3722 865 3761; x_wconf 91' lang='lat' dir='ltr'>a</span> <span class='ocrx_word' id='word_1_358' title='bbox 880 3701 1020 3762; x_wconf 76' lang='lat' dir='ltr'>fraudatis</span> <span class='ocrx_word' id='word_1_359' title='bbox 1039 3701 1112 3762; x_wconf 82' lang='lat' dir='ltr'>facit</span> <span class='ocrx_word' id='word_1_360' title='bbox 1124 3701 1212 3762; x_wconf 87' lang='lat' dir='ltr'>fidem</span> <span class='ocrx_word' id='word_1_361' title='bbox 1231 3700 1311 3784; x_wconf 83' lang='lat' dir='ltr'>apud</span> 
     </span>
     <span class='ocr_line' id='line_1_38' title="bbox 212 3792 936 3872; baseline -0.004 -19"><span class='ocrx_word' id='word_1_362' title='bbox 212 3811 264 3854; x_wconf 86' lang='lat' dir='ltr'>vos</span> <span class='ocrx_word' id='word_1_363' title='bbox 280 3793 390 3853; x_wconf 82' lang='lat' dir='ltr'>nullam</span> <span class='ocrx_word' id='word_1_364' title='bbox 405 3792 542 3852; x_wconf 87' lang='lat' dir='ltr'>inveniet.</span> <span class='ocrx_word' id='word_1_365' title='bbox 586 3793 792 3872; x_wconf 87' lang='lat' dir='ltr'>Nequaquam,</span> <span class='ocrx_word' id='word_1_366' title='bbox 806 3793 936 3853; x_wconf 88' lang='lat' dir='ltr'>Judices.</span> 
     </span>
    </p>

    <p class='ocr_par' dir='ltr' id='par_1_11' title="bbox 212 3883 1312 4238">
     <span class='ocr_line' id='line_1_39' title="bbox 256 3883 1312 3966; baseline 0.005 -22"><span class='ocrx_word' id='word_1_367' title='bbox 256 3887 303 3944; x_wconf 85' lang='lat'>17.</span> <span class='ocrx_word' id='word_1_368' title='bbox 325 3885 403 3944; x_wconf 87' lang='lat' dir='ltr'>Nam</span> <span class='ocrx_word' id='word_1_369' title='bbox 414 3903 466 3944; x_wconf 90' lang='lat' dir='ltr'>vos</span> <span class='ocrx_word' id='word_1_370' title='bbox 477 3883 565 3944; x_wconf 89' lang='lat' dir='ltr'>iidem</span> <span class='ocrx_word' id='word_1_371' title='bbox 578 3885 661 3956; x_wconf 87' lang='lat' dir='ltr'>estis,</span> <span class='ocrx_word' id='word_1_372' title='bbox 672 3886 722 3963; x_wconf 90' lang='lat' dir='ltr'>qui</span> <span class='ocrx_word' id='word_1_373' title='bbox 736 3904 814 3957; x_wconf 90' lang='lat' dir='ltr'>eum,</span> <span class='ocrx_word' id='word_1_374' title='bbox 825 3887 876 3963; x_wconf 93' lang='lat' dir='ltr'>qui</span> <span class='ocrx_word' id='word_1_375' title='bbox 889 3905 905 3944; x_wconf 91' lang='lat' dir='ltr'>e</span> <span class='ocrx_word' id='word_1_376' title='bbox 919 3894 1050 3944; x_wconf 88' lang='lat' dir='ltr'>mercatu</span> <span class='ocrx_word' id='word_1_377' title='bbox 1071 3904 1208 3964; x_wconf 87' lang='lat' dir='ltr'>magnam</span> <span class='ocrx_word' id='word_1_378' title='bbox 1221 3906 1312 3966; x_wconf 78' lang='lat' dir='ltr'>pecu-</span> 
     </span>
     <span class='ocr_line' id='line_1_40' title="bbox 212 3974 1310 4055; baseline 0.001 -19"><span class='ocrx_word' id='word_1_379' title='bbox 212 3975 291 4050; x_wconf 83' lang='lat' dir='ltr'>niam</span> <span class='ocrx_word' id='word_1_380' title='bbox 305 3975 381 4036; x_wconf 88' lang='lat' dir='ltr'>ultra</span> <span class='ocrx_word' id='word_1_381' title='bbox 394 3994 459 4036; x_wconf 90' lang='lat' dir='ltr'>eam</span> <span class='ocrx_word' id='word_1_382' title='bbox 473 3993 561 4054; x_wconf 89' lang='lat' dir='ltr'>quam</span> <span class='ocrx_word' id='word_1_383' title='bbox 582 3977 618 4034; x_wconf 86' lang='lat' dir='ltr'>ab</span> <span class='ocrx_word' id='word_1_384' title='bbox 639 3975 701 4034; x_wconf 90' lang='lat' dir='ltr'>aliis</span> <span class='ocrx_word' id='word_1_385' title='bbox 717 3986 872 4055; x_wconf 89' lang='lat' dir='ltr'>acceperat</span> <span class='ocrx_word' id='word_1_386' title='bbox 884 3985 1035 4035; x_wconf 86' lang='lat' dir='ltr'>mutuatus</span> <span class='ocrx_word' id='word_1_387' title='bbox 1047 3974 1172 4054; x_wconf 86' lang='lat' dir='ltr'>pignora</span> <span class='ocrx_word' id='word_1_388' title='bbox 1184 3979 1310 4037; x_wconf 53' lang='lat' dir='ltr'>credito*</span> 
     </span>
     <span class='ocr_line' id='line_1_41' title="bbox 213 4065 1310 4155; baseline 0.005 -31"><span class='ocrx_word' id='word_1_389' title='bbox 213 4065 294 4124; x_wconf 87' lang='lat' dir='ltr'>ribus</span> <span class='ocrx_word' id='word_1_390' title='bbox 308 4085 366 4125; x_wconf 86' lang='lat' dir='ltr'>non</span> <span class='ocrx_word' id='word_1_391' title='bbox 381 4066 560 4136; x_wconf 86' lang='lat' dir='ltr'>exhibuerat,</span> <span class='ocrx_word' id='word_1_392' title='bbox 583 4068 678 4146; x_wconf 89' lang='lat' dir='ltr'>capite</span> <span class='ocrx_word' id='word_1_393' title='bbox 692 4067 966 4140; x_wconf 75' lang='lat' dir='ltr'>condemnaveritis,</span> <span class='ocrx_word' id='word_1_394' title='bbox 977 4066 1106 4155; x_wconf 86' lang='lat' dir='ltr'>deletum</span> <span class='ocrx_word' id='word_1_395' title='bbox 1120 4068 1199 4148; x_wconf 89' lang='lat' dir='ltr'>apud</span> <span class='ocrx_word' id='word_1_396' title='bbox 1216 4087 1310 4149; x_wconf 85' lang='lat' dir='ltr'>popu-</span> 
     </span>
     <span class='ocr_line' id='line_1_42' title="bbox 213 4151 1311 4238; baseline 0.006 -24"><span class='ocrx_word' id='word_1_397' title='bbox 213 4151 286 4227; x_wconf 88' lang='lat' dir='ltr'>lum,</span> <span class='ocrx_word' id='word_1_398' title='bbox 298 4175 420 4234; x_wconf 89' lang='lat' dir='ltr'>eumque</span> <span class='ocrx_word' id='word_1_399' title='bbox 434 4158 526 4218; x_wconf 87' lang='lat' dir='ltr'>civem</span> <span class='ocrx_word' id='word_1_400' title='bbox 541 4167 668 4217; x_wconf 88' lang='lat' dir='ltr'>vestrum</span> <span class='ocrx_word' id='word_1_401' title='bbox 679 4161 811 4238; x_wconf 89' lang='lat' dir='ltr'>etpetris</span> <span class='ocrx_word' id='word_1_402' title='bbox 824 4158 1000 4236; x_wconf 82' lang='lat' dir='ltr'>imperatorii</span> <span class='ocrx_word' id='word_1_403' title='bbox 1013 4158 1116 4219; x_wconf 83' lang='lat' dir='ltr'>fliium.</span> <span class='ocrx_word' id='word_1_404' title='bbox 1147 4160 1311 4222; x_wconf 70' lang='lat' dir='ltr'>ruamus</span> 
     </span>
    </p>
   </div>
   <div class='ocr_carea' id='block_1_9' title="bbox 213 4249 1311 4420">
    <p class='ocr_par' dir='ltr' id='par_1_12' title="bbox 213 4249 1311 4420">
     <span class='ocr_line' id='line_1_43' title="bbox 213 4249 1309 4348; baseline 0.006 -42"><span class='ocrx_word' id='word_1_405' title='bbox 213 4249 290 4348; x_wconf 59' lang='lat' dir='ltr'>enim</span> <span class='ocrx_word' id='word_1_406' title='bbox 306 4249 343 4307; x_wconf 86' lang='lat' dir='ltr'>ab</span> <span class='ocrx_word' id='word_1_407' title='bbox 357 4267 393 4307; x_wconf 87' lang='lat' dir='ltr'>eo</span> <span class='ocrx_word' id='word_1_408' title='bbox 406 4267 512 4327; x_wconf 81' lang='lat' dir='ltr'>genere</span> <span class='ocrx_word' id='word_1_409' title='bbox 530 4249 680 4312; x_wconf 88' lang='lat' dir='ltr'>hominum</span> <span class='ocrx_word' id='word_1_410' title='bbox 695 4270 754 4309; x_wconf 89' lang='lat' dir='ltr'>non</span> <span class='ocrx_word' id='word_1_411' title='bbox 769 4252 863 4310; x_wconf 89' lang='lat' dir='ltr'>solum</span> <span class='ocrx_word' id='word_1_412' title='bbox 878 4252 991 4330; x_wconf 88' lang='lat' dir='ltr'>eosqui</span> <span class='ocrx_word' id='word_1_413' title='bbox 1004 4253 1034 4310; x_wconf 88' lang='lat' dir='ltr'>in</span> <span class='ocrx_word' id='word_1_414' title='bbox 1050 4251 1116 4312; x_wconf 86' lang='lat' dir='ltr'>iilos</span> <span class='ocrx_word' id='word_1_415' title='bbox 1129 4251 1309 4328; x_wconf 82' lang='lat' dir='ltr'>incidissent,</span> 
     </span>
     <span class='ocr_line' id='line_1_44' title="bbox 214 4339 1311 4420; baseline 0.005 -21"><span class='ocrx_word' id='word_1_416' title='bbox 214 4339 267 4399; x_wconf 89' lang='lat' dir='ltr'>sed</span> <span class='ocrx_word' id='word_1_417' title='bbox 283 4350 440 4400; x_wconf 87' lang='lat' dir='ltr'>mercatum</span> <span class='ocrx_word' id='word_1_418' title='bbox 456 4361 571 4420; x_wconf 90' lang='lat' dir='ltr'>quoque</span> <span class='ocrx_word' id='word_1_419' title='bbox 588 4353 725 4404; x_wconf 74' lang='lat' dir='ltr'>vestrum.</span> <span class='ocrx_word' id='word_1_420' title='bbox 737 4342 815 4403; x_wconf 76' lang='lat' dir='ltr'>ledi.</span> <span class='ocrx_word' id='word_1_421' title='bbox 858 4344 975 4404; x_wconf 85' lang='lat' dir='ltr'>Merito.</span> <span class='ocrx_word' id='word_1_422' title='bbox 999 4343 1159 4411; x_wconf 74' lang='lat' dir='ltr'>,Questus</span> <span class='ocrx_word' id='word_1_423' title='bbox 1181 4345 1259 4406; x_wconf 88' lang='lat' dir='ltr'>enim</span> <span class='ocrx_word' id='word_1_424' title='bbox 1281 4356 1311 4404; x_wconf 89' lang='lat' dir='ltr'>et</span> 
     </span>
    </p>
   </div>
   <div class='ocr_carea' id='block_1_10' title="bbox 0 0 1488 5017">
    <p class='ocr_par' dir='ltr' id='par_1_13' title="bbox 0 0 1488 5017">
     <span class='ocr_line' id='line_1_45' title="bbox 0 0 1488 5017; baseline 0 4"><span class='ocrx_word' id='word_1_425' title='bbox 0 0 1488 5017; x_wconf 95' lang='lat' dir='ltr'> </span> 
     </span>
    </p>
   </div>
  </div>
 </body>
</html>
