2967 5017
289 305 346 366 sss
397 253 402 264 ⁶
508 303 551 364 irs
577 301 780 364 avuncuii
803 303 854 363 ar
874 299 1157 364 musaraneus.
1236 256 1247 284 ⁸

607 542 695 604 LEX.
736 541 1048 604 Testimonium.

327 687 377 746 tl.
398 679 473 744 Eum
492 679 579 764 igitur
593 683 774 746 concessisse
787 695 817 744 et
829 683 980 745 distulisse
1001 682 1078 743 diem
1091 699 1109 742 e
1121 679 1258 740 testibus
1273 677 1389 738 audiri·

287 775 358 838 stis:
379 793 425 836 me
439 785 538 837 sutem
550 775 722 838 instruxisse
736 778 893 850 triremem,
905 787 935 838 et
948 775 1066 856 quidem
1080 793 1144 834 erm
1154 791 1216 852 qua
1229 771 1390 851 imperator

287 867 474 930 Alclmacltus
488 867 650 945 veheretur,
664 869 779 950 collega
800 869 830 929 iu
851 869 1023 950 prefectum
1039 885 1122 928 meus
1137 877 1185 926 est
1199 863 1388 926 testificatus.

287 963 415 1026 Proinde
430 963 501 1024 nihil
514 983 533 1024 a
546 981 591 1024 me
613 976 710 1045 petere
730 963 827 1045 potuit
846 974 964 1043 propter
976 961 1094 1023 dilatam
1108 958 1305 1031 solutionem,
1317 975 1387 1036 prar-

287 1055 386 1117 sertim
408 1076 476 1117 cum
488 1057 592 1118 vellem
614 1055 745 1120 solvere:
767 1055 819 1116 sed
834 1055 938 1136 iugens
958 1063 1003 1115 est
1016 1054 1143 1114 hominis
1156 1049 1290 1112 avaritia
1301 1061 1388 1129 atque

286 1147 441 1232 cupiditas,
454 1147 587 1223 Judioes,
602 1161 661 1211 tam
676 1147 834 1210 minoribus
849 1167 935 1227 quam
947 1147 1101 1228 majoribus
1115 1146 1145 1205 in
1159 1145 1264 1206 rebus.
1294 1142 1387 1202 Probe

286 1242 355 1302 item
369 1243 511 1315 sciebant,
526 1245 550 1303 si
562 1241 713 1304 mulierem
726 1240 925 1314 tradidissent,
941 1241 1038 1322 palam
1052 1239 1123 1312 lore,
1133 1257 1180 1298 me
1193 1237 1280 1297 falso
1294 1239 1334 1298 ab
1349 1238 1388 1295 eis

287 1349 352 1394 esse
368 1345 555 1395 accusatum:
578 1335 622 1396 sin
635 1355 694 1396 non
713 1333 913 1408 tradidissent,
927 1353 1015 1414 quam
1034 1353 1099 1393 eum
1120 1329 1241 1391 tradere
1259 1329 1388 1390 voluisse

286 1425 431 1487 testificati
444 1428 569 1500 fuerent,
584 1425 645 1487 sore
657 1438 691 1487 ut
709 1427 775 1487 falsi
788 1425 947 1487 testimonii
960 1429 1211 1486 convincerentur.
1259 1423 1325 1482 Oro
1339 1441 1388 1481 au-

285 1525 344 1578 tem
358 1537 420 1592 ros,
433 1515 566 1592 ludices,
576 1517 600 1578 si
611 1520 677 1598 quis
690 1538 789 1579 eorum
803 1519 877 1578 l'orte
887 1517 1008 1598 quitum
1017 1519 1067 1596 jus
1079 1516 1220 1576 dixerunt
1229 1515 1283 1575 hic
1294 1511 1388 1583 adest,

286 1619 320 1670 ut
332 1607 436 1672 iisdem
458 1611 580 1672 utamini
602 1610 750 1684 institutis,
764 1611 870 1690 quibus
887 1620 950 1671 tum
970 1629 1099 1690 quoque.
1138 1609 1185 1668 Ac
1207 1607 1235 1668 si
1254 1605 1388 1667 testimo·

285 1701 365 1762 nium
388 1715 450 1764 tum
465 1703 523 1764 lide
537 1705 658 1785 dignum
671 1703 764 1765 risum
780 1713 835 1779 est,
849 1705 873 1764 si
891 1722 937 1763 me
956 1701 1071 1784 fugisse
1090 1720 1148 1780 quo
1165 1699 1264 1759 minus
1278 1697 1386 1758 veritas

285 1808 514 1875 cognosceretur
528 1817 564 1860 ex
580 1799 698 1858 muliere
708 1797 840 1878 putastis,
854 1818 920 1858 cum
936 1816 1015 1857 nunc
1028 1795 1077 1856 isti
1091 1795 1198 1855 falsum
1212 1793 1333 1854 dixisse
1346 1800 1387 1850 te·

286 1887 450 1949 stimonium
467 1891 676 1951 convincantur
688 1901 718 1949 et
731 1889 879 1949 mulierem
894 1889 1008 1948 tradere
1021 1897 1166 1960 recusent,
1182 1895 1216 1945 ut
1237 1905 1288 1944 me
1301 1883 1387 1964 juve·

284 1979 342 2041 u's:
362 1981 442 2060 quod
465 1983 490 2042 si
514 1983 582 2040 mihi
608 1982 671 2040 irati
693 1981 801 2050 fuistis,
823 1981 905 2058 quod
926 1980 1048 2058 pignora
1069 1990 1208 2057 capturus
1240 1978 1284 2037 ad
1307 1977 1389 2036 redes

284 2071 462 2151 Theophemi
475 2073 598 2142 accessi,
620 2081 703 2131 utet
724 2071 787 2132 isds
810 2091 888 2131 nunc
912 2073 1086 2144 irascamini,
1100 2071 1178 2150 quod
1199 2089 1289 2130 meas
1308 2069 1389 2130 sedes

285 2159 461 2224 invaserunt.

324 2253 375 2314 22.
396 2253 494 2334 Atque
515 2273 581 2332 ego,
601 2251 714 2333 legibus
736 2266 767 2314 et
786 2251 911 2315 decretis
929 2264 1062 2326 coactus,
1074 2263 1172 2312 tamen
1191 2250 1259 2312 cavi
1283 2271 1322 2312 ne
1346 2249 1389 2312 vel

284 2343 323 2406 ad
336 2357 448 2426 patrem
460 2346 545 2405 istius
558 2346 735 2424 ingrederer,
749 2343 794 2405 vel
808 2346 846 2406 ad
861 2357 990 2418 matrem,
1002 2343 1048 2406 vel
1061 2345 1218 2424 quicquam
1228 2341 1318 2422 quod
1333 2344 1388 2406 fra·

285 2437 337 2499 tris
351 2441 413 2515 ejus
429 2448 508 2500 esset
521 2437 674 2510 auferrem,
692 2438 744 2499 sed
759 2459 795 2498 eo
808 2439 875 2498 veni
889 2439 938 2499 ubi
957 2437 1021 2520 ipse
1034 2436 1246 2518 Thedphemus
1269 2435 1386 2498 habite·

283 2529 353 2591 bat:
375 2547 463 2610 quem
476 2549 541 2590 cum
557 2527 634 2589 domi
648 2550 707 2590 non
728 2530 913 2609 reperissem,
926 2529 998 2591 nihil
1016 2552 1055 2592 ex
1077 2529 1190 2590 aeditus
1210 2528 1319 2610 eripui,
1333 2527 1384 2590 sed

284 2621 394 2684 neceni
403 2623 499 2701 jussi:
521 2632 552 2682 et
563 2631 708 2701 praesente
723 2641 769 2694 eo,
780 2642 838 2682 non
854 2623 985 2696 absente,
997 2621 1211 2704 pignorseep13
1232 2641 1305 2702 quse
1316 2640 1382 2682 cum

284 2711 355 2774 milri
382 2715 563 2795 eriperentur
583 2713 667 2774 amisi
688 2725 719 2776 et
736 2715 775 2775 ad
792 2726 924 2776 senatum
943 2715 1163 2796 legitimumque
1180 2715 1382 2794 magistratum

284 2803 361 2869 ubi:
384 2827 476 2888 eoque
500 2807 600 2870 delato
624 2818 654 2868 et
675 2806 814 2869 damnato
837 2809 868 2868 in
888 2820 1003 2882 senatu,
1017 2809 1087 2870 setis
1109 2827 1174 2868 esse
1192 2806 1264 2867 duxi
1287 2825 1380 2867 arma·

283 2909 383 2961 ments
404 2899 507 2981 simpla
528 2899 666 2980 recipere,
690 2900 727 2961 de
746 2901 914 2960 verberibus
932 2910 1032 2961 autem
1054 2899 1164 2980 sumpsi
1187 2899 1329 2959 arbitrum
1351 2905 1381 2955 et

282 2993 422 3054 mulctam
444 3003 536 3054 ratam
560 2993 659 3052 habui.
699 2993 744 3050 Ac
765 3010 822 3070 ego
844 2988 961 3070 quidem
984 2991 1059 3052 adeo
1073 3012 1120 3052 me
1138 2991 1236 3052 lenem
1256 2991 1288 3051 in
1309 2991 1378 3049 istos

282 3087 405 3164 prebui.
430 3085 481 3146 isti
499 3085 570 3145 ‘vero
583 3083 624 3143 ita
636 3084 801 3164 petulantes
816 3092 846 3141 et
856 3083 1011 3163 importuni
1024 3085 1153 3157 luerunt,
1165 3094 1200 3143 ut
1212 3103 1335 3145 uxorem
1349 3090 1380 3142 et

283 3174 390 3236 liberos
404 3177 607 3256 opprimerent,
623 3193 689 3234 cum
704 3173 821 3254 quidem
833 3195 902 3235 oves
917 3187 947 3236 et
958 3175 1085 3237 famulos
1098 3175 1302 3249 abstulissent,
1314 3192 1379 3254 qua

284 3265 375 3346 pluris
390 3277 473 3326 erant
486 3286 573 3347 quam
596 3266 699 3346 quanti
719 3285 766 3326 me
783 3267 1035 3330 condemnarant:
1053 3289 1120 3329 cum
1134 3289 1220 3350 porro
1239 3269 1322 3331 diem
1336 3265 1378 3328 di-

282 3367 360 3418 ctam
374 3357 568 3432 distulissent,
581 3377 695 3440 egoque
717 3360 914 3440 promisissem
938 3381 994 3436 me,
1008 3371 1072 3422 ute
1093 3362 1217 3422 testibus
1240 3358 1376 3427 audistis,

283 3450 421 3512 mulctam
442 3453 485 3512 eis
509 3452 681 3526 soluturum,
694 3452 724 3512 in
742 3451 821 3514 edes
839 3453 963 3535 ingressi
976 3466 1054 3530 sunt,
1068 3465 1099 3516 et
1119 3451 1316 3534 supellectilia
1327 3471 1375 3512 ex·

279 3554 440 3626 pomarunt,
454 3553 485 3606 et
500 3545 653 3618 nutricem,
669 3565 767 3607 senem
781 3545 940 3621 mulierem,
953 3559 1070 3629 propter
1083 3529 1231 3630 cymbirinr
1244 3543 1375 3610 excarni-

282 3637 407 3698 flcerunt
416 3658 425 3707 ς
448 3656 514 3718 quie
532 3637 629 3698 omnia
651 3639 811 3699 etiamnum
830 3649 942 3712 tenent,
956 3652 985 3701 et
999 3640 1129 3701 nondum
1143 3640 1314 3712 restituunt,
1328 3656 1374 3698 so·

282 3732 350 3793 lutis
361 3753 379 3793 a
391 3751 438 3793 me
451 3731 530 3794 mille
543 3727 682 3794 trecentis
697 3731 816 3812 triginta
829 3731 919 3794 tribus
931 3733 1078 3795 drachmis
1091 3733 1206 3794 duobus
1220 3733 1325 3795 obolis.

321 3825 371 3889 23.
394 3823 425 3888 si
438 3825 503 3906 quis
525 3836 622 3886 autem
646 3845 696 3886 eos
717 3837 782 3886 tum
800 3825 954 3906 ignoravit,
968 3846 1004 3887 ac
1026 3824 1172 3908 simplices
1191 3825 1324 3887 homines
1344 3830 1372 3880 et

281 3917 395 3998 quietos
409 3937 474 3980 esse
487 3915 610 4012 putavit,
626 3917 791 3982 testimonia
804 3919 887 3980 vobis
904 3918 942 3979 de
956 3919 1009 3988 eis,
1029 3939 1097 3999 quse
1110 3919 1257 3980 testificati
1272 3916 1340 3979 milri
1352 3913 1370 3972 ii

282 4022 437 4092 suntquos
458 4011 505 4070 isti
527 4009 639 4091 injuriis
660 4005 830 4085 affecerunt,
845 4011 1093 4082 recitabo,-nem
1107 4010 1144 4072 ed
1164 4033 1200 4072 ea
1212 4006 1371 4073 enarranda

281 4122 359 4182 aqua
372 4101 441 4162 mdri
455 4103 590 4164 defutura
599 4113 726 4176 esset-,
737 4103 825 4164 uthis
836 4105 1053 4185 omuibus,quse
1064 4116 1120 4173 eta
1128 4125 1172 4163 me
1183 4113 1241 4166 eta
1248 4101 1369 4164 testibus

281 4191 360 4255 dicta
380 4207 458 4267 sunt,
480 4195 680 4270 consideratis,
703 4197 745 4256 ita
766 4197 961 4276 pronuntietis
980 4207 1013 4257 ut
1031 4207 1129 4259 vestra
1149 4196 1223 4260 fides
1236 4207 1268 4259 et
1285 4193 1368 4279 juris·
1447 4252 1448 4261 ,

277 4287 395 4368 jurandi
407 4288 509 4369 religio
523 4291 661 4369 postulet.
703 4290 809 4349 Recita
823 4289 994 4350 testimonie.
1447 4286 1448 4301 ¹

704 4433 967 4496 TESTIMONIA.
