2967 5017
361 299 368 305 ’
469 331 640 402 oouuno
667 330 941 408 uunncuuu.
1198 340 1235 398 ιιι

138 488 408 564 mannam
426 489 937 571 arodiruitiuntieieacallioeb'.
959 487 1173 570 Enonynrennia
1190 509 1237 552 re·

136 582 220 660 ojpit.
242 584 294 642 Ao
306 582 461 660 isquirion
476 577 557 644 Sarni
570 584 654 644 abeat
666 602 734 647 turn
744 582 867 644 bolonia·
897 581 946 642 Ea
954 580 1122 660 igiturque
1135 591 1238 659 reouta

138 685 222 744 aaut,
233 674 370 735 referam.
405 675 576 736 'limarobua
587 685 622 735 ut
633 676 672 736 ab
686 675 808 736 Antiole
827 684 860 735 et
876 673 1010 754 Misgola
1025 674 1156 746 necarit,
1176 693 1236 736 nou

135 765 203 845 ipae
218 765 251 826 in
262 785 327 828 aeae
339 767 504 841 domuit,
524 787 582 828 uec
594 766 742 828 meliorem
757 769 825 826 vitoe
840 767 981 828 rationem
1002 776 1049 846 eat
1067 766 1236 843 amplexui:

106 921 117 926 ,
138 858 195 920 aad
208 858 240 918 in
252 859 416 923 uleatoruru
429 861 545 922 oireulin
558 869 637 920 totoa
650 859 714 920 dieo
727 869 871 930 versatur,
887 857 936 918 ubi
950 858 1054 921 tabule
1064 860 1192 938 ponitur,
1207 868 1238 922 tt

137 951 306 1012 ooturnicer
315 973 351 1012 nc
360 953 432 1031 galli
440 953 595 1032 gdbnaoei
605 952 837 1024 committuntur,
846 960 877 1010 et
886 951 951 1012 aion
958 950 1077 1012 luditur.
1098 952 1238 1034 Vestrum
1298 1015 1300 1026 ,

140 1043 218 1104 mim
230 1043 347 1123 aliquot
357 1044 511 1119 eavidirre
521 1046 654 1118 arbitror,
662 1063 731 1122 qnae
740 1043 819 1114 dieo,
831 1054 884 1104 aut
893 1043 998 1104 saltem
1008 1043 1163 1104 audivisse.
1184 1045 1240 1105 Eat

140 1146 241 1196 antem
253 1153 292 1196 ex
305 1137 370 1217 ejua
388 1137 449 1198 ioei
460 1146 541 1200 oratu
553 1137 643 1198 horno
661 1135 782 1215 quidam
797 1135 971 1208 PittnIacua,
989 1155 1090 1196 nervus
1103 1136 1238 1214 publioua

138 1237 249 1286 norunt
271 1228 369 1288 urbia:
391 1230 443 1307 qui
461 1247 530 1288 oum
550 1237 674 1306 argento
693 1226 867 1299 abundaret,
887 1227 976 1286 iatum
996 1227 1026 1286 in
1047 1247 1084 1288 ea
1101 1227 1240 1306 prioratu

139 1316 246 1390 riaurn,
260 1318 300 1376 ad
310 1339 345 1380 ne
357 1320 478 1398 recepit,
492 1329 524 1378 et
536 1318 615 1378 domi
627 1318 740 1378 habirit.
762 1317 866 1396 Neque
876 1336 946 1377 vero
959 1318 1090 1397 impurus
1104 1319 1156 1380 iste
1166 1339 1239 1382 oon·

139 1407 281 1470 ditionem
294 1409 373 1470 illurn
387 1405 646 1490 repudiarit'curn
659 1431 692 1470 ae
705 1412 813 1490 probro
827 1408 984 1472 effecturus
999 1419 1079 1470 eruet
1091 1412 1171 1489 apud
1184 1412 1239 1474 bo·
1324 1453 1330 1464 ι

138 1501 248 1562 minem
259 1521 376 1562 aervum
389 1503 558 1582 publicum:
580 1503 634 1564 aed
647 1503 721 1564 illud
734 1503 829 1564 tolum
845 1499 999 1583 spectavit,
1011 1521 1048 1562 au
1058 1503 1240 1581 prtebitorern

138 1592 312 1672 petulantie
325 1613 388 1652 aua
400 1595 573 1654 inventurn·
585 1603 677 1666 earet,
694 1594 776 1654 nulla
789 1613 919 1672 uuquam
938 1592 1102 1654 honentatis
1116 1602 1166 1652 aut
1180 1602 1242 1654 tur·

140 1684 284 1764 pitudinia
300 1685 402 1743 habita
421 1685 545 1767 ratione,
574 1686 659 1746 Talia
670 1704 758 1763 porro
779 1683 888 1746 delicta
906 1694 937 1743 et
953 1684 1028 1744 talea
1048 1683 1240 1749 contumeliae

142 1775 242 1836 audivi
254 1795 312 1853 ego
324 1777 362 1835 nb
375 1777 427 1836 illo
438 1776 556 1838 bomine
568 1777 601 1836 in
612 1777 698 1836 iatioa
711 1795 819 1855 eorpua
833 1795 899 1836 orae
912 1776 1023 1836 sacten:
1044 1795 1117 1855 quas
1130 1794 1187 1854 ego
1200 1774 1243 1836 ita

141 1885 191 1938 rue
203 1867 321 1946 Jupiter
334 1866 408 1946 Opt.
423 1867 510 1934 Max.
518 1869 614 1948 juvet,
630 1887 750 1930 narrare
763 1868 842 1947 apud
856 1887 908 1928 voa
922 1887 982 1928 non
993 1867 1101 1929 audeo.
1127 1868 1242 1936 Quibua

143 1961 223 2022 enin
231 1961 288 2022 iate
300 1962 399 2042 reipsa
411 1962 630 2024 comitandi·
642 1981 704 2023 non
715 1963 849 2024 erubuit:
869 1962 905 2024 iia
914 1981 972 2042 ego
982 1971 1081 2043 aperte
1095 1962 1242 2024 duntannt

86 2083 90 2091 ,
142 2071 163 2112 a
175 2071 224 2114 me
235 2054 402 2126 nominetis,
416 2054 513 2116 virere
526 2055 697 2116 reonaarinr.
996 2115 1005 2126 ,
1184 2045 1188 2054 ’

185 2145 234 2204 1³.
256 2144 319 2205 Sub
331 2145 435 2206 endem
445 2155 588 2225 tempora,
601 2146 709 2225 quibua
718 2144 800 2224 apud
813 2145 990 2208 Pitntncum
1004 2147 1060 2208 iate
1069 2147 1134 2220 tuit,
1143 2147 1243 2227 Hege-

141 2237 250 2298 aander
263 2255 299 2296 ax
314 2237 510 2317 Hellesponto
523 2238 583 2299 hue
595 2237 727 2318 appellit,
738 2237 789 2316 qui
808 2237 897 2299 'utum
911 2239 950 2298 ad
964 2257 996 2299 re
1009 2240 1136 2317 reoepit:
1158 2239 1242 2318 cujur

141 2328 216 2390 raba
225 2329 394 2392 noiomirnti
404 2350 467 2403 voa,
476 2347 531 2393 our
540 2349 600 2391 noo
611 2330 681 2390 olim
690 2331 870 2390 mentionem
883 2331 1021 2398 fecerim:
1037 2326 1112 2392 adeo
1123 2329 1244 2392 eridani

142 2431 192 2482 eat
202 2421 234 2480 id
248 2421 330 2498 qnod
348 2411 456 2486 ditebi.
487 2423 518 2484 Ia
530 2423 620 2502 igitur
634 2423 831 2500 Hegeoander
848 2423 955 2484 rediit:
975 2443 1062 2503 quem
1081 2443 1135 2484 von
1156 2425 1247 2488 nortis

143 2512 250 2580 melina
262 2522 352 2588 quarn
363 2531 431 2590 ego.
465 2514 629 2592 Navigant
641 2525 742 2575 autern
756 2525 819 2574 tun
832 2533 886 2592 pro
903 2526 1048 2593 questore
1061 2536 1128 2578 curn
1146 2518 1246 2578 Tinu-

144 2600 253 2664 maebu
260 2603 454 2674 Achomenai,
462 2603 523 2662 viro
532 2604 684 2681 pretorio:
698 2613 729 2666 et
737 2605 817 2664 venit
825 2605 884 2664 huc
893 2607 1099 2685 locupletatur,
1110 2618 1145 2666 ut
1153 2608 1246 2680 aiunt,

144 2693 224 2754 iltius
237 2691 446 2771 aiarplieitnter
467 2711 523 2752 nee
542 2692 639 2752 minue
652 2711 741 2771 quam
756 2711 863 2754 ιω.
882 2695 995 2774 argenti
1017 2697 1112 2756 ruinas
1129 2699 1245 2759 attulit:

144 2796 178 2846 et
195 2783 416 2863 quodammodo
437 2803 498 2844 non
511 2783 686 2844 minimailii
708 2801 800 2844 cauea
820 2785 993 2847 calamitatis
1014 2787 1119 2848 iuerat.
1144 2789 1246 2850 Tantis

144 2878 234 2957 igitur
246 2876 352 2955 ορίὴιιο
361 2874 492 2950 affluent,
500 2885 533 2936 et
546 2875 683 2937 Pittaiaci
696 2877 725 2934 in
739 2877 871 2938 ludenda
883 2878 949 2939 alea
961 2878 1079 2950 sodalis,
1093 2880 1174 2942 reden
1188 2882 1246 2941 fre-

146 2981 306 3050 quentans,
318 2968 377 3030 into
389 2969 488 3031 atatim
502 2969 565 3030 vieo
583 2968 705 3047 gavinus
717 2979 781 3029 eat:
802 2989 928 3050 eumque
947 2970 1097 3049 expetivit,
1111 2980 1142 3048 et
1157 2973 1196 3032 ad
1213 2993 1246 3036 ae

147 3064 276 3142 reoipere
289 3061 392 3134 votuit,
404 3071 537 3142 ntquem
549 3062 589 3122 ab
608 3061 727 3140 ingenio
741 3081 796 3122 auo
809 3083 869 3124 non
890 3063 1044 3124 abhorrere
1058 3064 1245 3146 eniatirnnret.
1325 3131 1329 3138 ,

148 3155 277 3217 Primam
287 3153 377 3232 igitur
386 3155 425 3216 ad
436 3153 613 3218 Pittalaounr
623 3155 713 3214 rerba
723 3154 803 3228 iecit,
813 3173 912 3224 orans,
923 3165 956 3214 ut
965 3173 1032 3216 eum
1043 3155 1100 3214 ribi
1108 3156 1245 3217 traderet.

147 3249 217 3316 Quo
229 3256 395 3319 mutante,
407 3245 496 3306 iatum
504 3246 601 3327 iprum
613 3247 803 3326 aggrediuu:
824 3266 921 3326 neque
935 3265 1003 3308 uero
1016 3245 1107 3326 longa
1116 3250 1246 3320 oratione

148 3353 196 3404 ert
207 3356 301 3421 optio:
320 3340 483 3420 persuadet
493 3343 603 3402 rtatim
634 3341 712 3402 Nam
724 3340 764 3400 ad
777 3341 863 3402 irtam
876 3360 938 3404 retu
956 3340 1169 3402 conficiendam
1183 3363 1246 3404 ma·

148 3452 224 3512 gana
237 3434 312 3494 vireo
330 3433 420 3494 habet
431 3433 611 3511 improbiter,
628 3442 660 3494 et
677 3434 904 3500 auctoritatem
925 3435 1114 3512 quomobrem
1136 3435 1185 3494 vel
1206 3433 1246 3496 ob

149 3526 215 3585 brae
227 3525 291 3605 ipaa
306 3524 413 3604 dignun
426 3534 474 3586 ent
491 3525 570 3585 odio.
592 3525 634 3584 Ut
650 3535 749 3593 autem
766 3543 787 3588 n
801 3525 945 3586 Pittalauo
958 3525 1146 3596 duram,
1159 3537 1191 3587 et
1209 3527 1247 3586 nd

150 3617 382 3695 Regnandi-on
402 3636 435 3676 ae
454 3617 629 3690 contulerat,
650 3635 730 3695 tegre
751 3617 864 3678 ferebat
883 3615 998 3676 roiicet
1021 3615 1194 3688 Pirenaeo,
1215 3637 1248 3678 re

54 3738 58 3748 ·
148 3709 403 3772 numinianu-
412 3709 527 3788 argenti
538 3709 658 3780 iruotra,
672 3711 848 3787 utputabat,
864 3707 1070 3786 insumpsisse:
1088 3719 1168 3770 eten
1178 3729 1246 3789 quar

147 3801 329 3881 gerebantur
342 3801 466 3872 terebat,
480 3812 513 3860 nt
526 3800 629 3862 rivale·
643 3799 751 3871 uolent,
764 3808 796 3860 et
808 3800 901 3860 itabat
914 3797 951 3858 ad
965 3798 1046 3860 ardea
1060 3799 1147 3863 illius.
1169 3801 1248 3869 Quia
1336 3843 1344 3862 ,

147 3907 223 3954 reto
241 3892 285 3952 eia
297 3891 441 3954 noieatna
457 3901 531 3965 erat,
545 3902 678 3971 rpeotate
694 3899 837 3969 quantum
848 3889 937 3950 inerit
956 3891 1043 3952 robur
1061 3891 1248 3971 Hegoaandu‘
1323 3883 1328 3894 ⁸

96 4017 104 4024 ·
150 3996 184 4046 et
192 3984 350 4046 Timolai.
378 3985 456 4046 Naro
469 3981 630 4062 aliqnando
642 3983 775 4044 inebriati
787 3993 819 4043 et
827 3982 892 4061 ipri,
905 3997 972 4044 tum
982 3983 1161 4044 oollurorurn
1174 4004 1248 4046 nou-

149 4075 249 4148 uullia,
258 4086 290 4136 et
301 4075 508 4153 aliir,quorunr
522 4075 643 4136 nomina
651 4093 713 4135 uon
724 4074 836 4150 dicam,
849 4085 939 4134 uoctu
949 4075 980 4134 in
993 4075 1084 4144 redeo,
1096 4077 1127 4134 in
1139 4075 1247 4155 quibua

151 4167 304 4228 habitabat
324 4167 496 4240 Pittaiaeur,
514 4167 624 4246 impetu
637 4166 735 4225 iacto:
756 4166 881 4244 primum
898 4167 1019 4226 vascula
1039 4168 1247 4242 contriverunt,

152 4268 183 4318 et
200 4259 388 4338 projecerunt
403 4257 434 4318 in
448 4259 525 4318 riam
538 4258 615 4320 talot
630 4256 724 4336 egilon
737 4266 771 4316 et
788 4257 913 4328 nexiler,
928 4267 959 4316 et
979 4257 1036 4316 alia
1057 4257 1248 4320 iustrumenta

78 4343 90 4351 “
152 4350 294 4412 aleatorio
301 4370 311 4419 ;
332 4361 364 4410 et
381 4349 545 4409 coturnioen
568 4359 656 4428 atque
677 4348 783 4428 gallos,
796 4367 869 4428 quos
893 4347 1050 4413 adamabat
1072 4350 1249 4412 miserrimus

149 4438 200 4522 ilie
211 4439 312 4520 bonno,
322 4439 507 4518 oceidmnt.
533 4439 664 4502 Tandem
677 4439 717 4502 nd
728 4441 896 4502 columnam
910 4439 1062 4520 alligatum
1074 4441 1171 4524 iprum
1186 4441 1247 4502 Pit·
