2967 5017
307 622 607 687 ARGUMENTUM
628 606 820 681 Aculo'rtls
842 615 1103 679 INJURIARUM
1125 616 1302 677 CONTRA

505 802 508 812 ι
548 712 757 775 ΟΟΝΟΝΕΜ
779 710 833 771 OB
855 708 1061 770 VERBERA.

291 872 390 921 durno
406 870 553 921 Atheniensis
563 872 680 919 Cononem
692 865 857 919 rarbnciionie
872 872 974 921 mut.
990 881 1016 915 se
1032 867 1061 913 ab
1071 882 1102 915 so
1110 874 1135 915 et
1145 864 1197 930 ejus
1207 864 1257 913 flio
1268 866 1357 913 rabe-

258 948 323 999 ribuu
333 950 441 999 ιίῐοοὺιιι
452 964 506 999 erro
516 962 669 1011 conquerens,
680 957 706 996 et
715 950 768 1009 ojus
778 946 835 995 iacti
845 952 918 993 tester
928 945 1066 1006 producens.
1086 946 1166 991 conon
1176 944 1264 991 tuom
1272 950 1357 1004 negot,

258 1034 284 1075 ct
294 1026 396 1076 rieirsirn
402 1032 475 1073 tester
482 1025 598 1089 producit,
607 1026 691 1086 quibus
703 1024 872 1073 Demosthenes
881 1022 949 1071 iidem
959 1020 1086 1069 honen
1096 1035 1150 1069 aare
1159 1026 1247 1085 nagan
1257 1020 1320 1081 quod
1327 1028 1356 1067 et

258 1102 363 1167 improbe
374 1103 486 1159 vixerint,
495 1110 519 1151 st
529 1101 639 1165 expedite
650 1101 742 1149 mentiri
752 1102 849 1149 solunt.

526 1564 1067 1651 DEMOSTHENIS

454 1791 742 1885 CONTRA
786 1784 1148 1866 CONONEM

380 2000 527 2068 norro
549 2000 861 2091 rurumnuurr
891 2000 954 2066 ou
974 1994 1215 2065 mauras.

296 2160 323 2219 l.
345 2158 448 2229 Quurr
464 2179 557 2221 essem
570 2159 754 2222 contumeliis
767 2160 886 2221 affectus
905 2170 936 2221 et
954 2160 998 2221 aio
1009 2169 1150 2220 tractatus
1171 2178 1191 2218 a
1210 2156 1346 2229 Conone,

251 2252 384 2327 iudices,
401 2262 435 2315 ut
454 2253 543 2334 longo
556 2264 686 2333 tempore
699 2273 795 2334 neque
813 2253 967 2314 domestici
987 2251 1044 2312 mei
1057 2270 1151 2332 neque
1163 2249 1346 2310 medicorum

250 2346 406 2427 quisquam
422 2366 470 2408 me
488 2366 640 2407 erasurum
654 2358 801 2428 putarent,
817 2354 988 2427 recuperata
999 2346 1166 2408 valetudine
1187 2353 1218 2404 et
1237 2354 1346 2425 preter

250 2437 417 2520 opinionem
440 2450 639 2513 conservatus,
664 2461 731 2502 eum
754 2438 812 2501 hoc
843 2438 963 2500 crimine
985 2438 1156 2520 pulsationis
1184 2436 1342 2517 postulari.

251 2532 329 2593 Cum
347 2532 423 2592 enim
444 2552 544 2594 omnen
563 2534 681 2613 cognati
698 2542 728 2595 et
746 2533 843 2607 amici,
861 2552 936 2614 quos
950 2532 1092 2604 consului,
1106 2550 1173 2591 eum
1192 2530 1250 2590 iilis
1269 2530 1344 2591 fuci·

248 2624 369 2686 moribus
382 2634 413 2685 et
425 2635 458 2685 ut
470 2624 563 2687 iurem
576 2627 606 2687 in
619 2646 764 2689 carcerem
778 2627 867 2707 abripi
878 2637 910 2687 et
927 2626 1042 2708 publice
1055 2623 1239 2685 contumelia
1253 2642 1345 2703 posse

249 2718 382 2781 accusari
396 2718 537 2794 dicerent,
550 2721 620 2781 mihi
635 2731 731 2782 autem
744 2721 901 2783 suaderent
919 2729 950 2782 et
969 2726 1120 2779 mouerent
1139 2736 1177 2775 ne
1198 2715 1344 2795 graviora,

248 2831 337 2892 quam
350 2813 424 2874 ferre
437 2832 565 2893 possem,
579 2815 768 2895 susciperem,
782 2833 855 2876 nere
869 2832 959 2893 supra
972 2822 1089 2873 aetatem
1107 2830 1167 2889 qua
1180 2828 1276 2869 essem
1296 2809 1344 2870 af-

247 2906 343 2967 fectus
365 2906 475 2988 injuriis
495 2906 637 2969 actionem
656 2908 846 2977 instituerem,
868 2906 911 2967 sic
934 2904 1007 2973 feci3
1030 2904 1125 2982 deque
1142 2900 1258 2961 illorum
1271 2920 1343 2961 sen·

247 2998 340 3059 tentio
360 3001 503 3081 privatum
527 3000 673 3079 judicium
697 3018 762 3058 sum
785 2998 920 3077 adeptus,
946 3014 1113 3076 quanquam
1139 2993 1341 3075 cupidissime,

246 3088 451 3163 Athenienses,
470 3090 560 3150 istum
575 3090 615 3149 rei
628 3089 759 3169 capitalis
777 3108 859 3147 reum
879 3087 1024 3149 fecissem.
1064 3088 1160 3166 Atque
1173 3086 1244 3146 huic
1257 3106 1342 3147 acer-

244 3179 328 3241 bitati
341 3202 415 3241 meoe
428 3201 481 3242 vos
493 3200 604 3256 omnes,
618 3182 724 3243 auditis
740 3180 851 3262 injuriis
863 3202 929 3261 quoa
943 3179 1013 3240 mihi
1027 3180 1114 3241 factm
1130 3190 1209 3254 aunt,
1221 3179 1341 3241 renim

245 3290 313 3333 esse
325 3272 454 3344 daturos,
468 3273 538 3335 satir
552 3274 631 3336 scio:
653 3294 820 3355 quenquam
842 3274 919 3334 enim
941 3292 1047 3353 magna
1067 3283 1147 3333 esset
1165 3292 1253 3353 quom
1273 3282 1341 3334 tum

244 3384 400 3445 perpessus
413 3384 493 3426 mem
513 3367 700 3442 contumelia,
718 3388 778 3429 non
798 3367 891 3426 minor
909 3374 1008 3426 tamen
1022 3378 1091 3445 poet
1103 3365 1158 3425 suit
1177 3363 1260 3425 iatius
1281 3365 1341 3425 im·

243 3457 385 3539 probitas.
416 3456 489 3518 Peto
503 3468 600 3519 autem
614 3470 644 3521 et
657 3478 729 3540 rogo
749 3479 799 3520 vos
813 3458 921 3540 pariter
930 3476 1041 3531 omues,
1054 3456 1178 3536 primum
1190 3467 1224 3517 ut
1236 3476 1284 3515 me
1298 3455 1340 3519 de

243 3549 351 3628 injuriis
363 3561 586 3629 conquerentem
606 3552 732 3631 benigue
751 3552 893 3614 audmtis:
914 3550 1031 3621 deinde,
1055 3549 1080 3609 si
1097 3560 1198 3609 eontra
1218 3550 1286 3628 jura
1304 3560 1339 3610 et

241 3642 324 3725 leger
337 3650 478 3703 uocatus
500 3663 564 3705 ease
582 3644 712 3719 videbor,
726 3655 761 3706 ut
772 3664 821 3704 me
839 3645 869 3703 in
882 3662 948 3705 meo
961 3647 1027 3720 jure
1039 3642 1194 3723 adjuvetis.
1235 3641 1339 3722 Expo-

242 3758 310 3799 nam
324 3746 423 3799 autem
437 3739 518 3799 robis
532 3741 569 3800 ab
586 3739 668 3801 initio
681 3760 742 3801 rem
755 3759 872 3801 omnem
885 3738 997 3811 ordine,
1012 3737 1055 3799 uti
1075 3747 1161 3817 gesto
1173 3746 1230 3811 est,
1243 3756 1336 3818 quam

242 3842 344 3913 potero
357 3831 548 3911 paucissimis.

282 3927 312 3986 2.
333 3923 449 3985 Abhinc
462 3922 627 4001 triennium,
642 3924 778 3985 custodia
796 3924 880 3985 uobis
893 3922 1079 3995 denunciato,
1089 3922 1253 3983 Parentum
1267 3938 1335 3981 oum

239 4035 386 4096 egressus.
428 4016 603 4077 Habuerunt
620 4024 719 4077 autem
732 4015 863 4077 Cononis
885 4014 936 4074 filii
953 4013 1144 4075 tabernacula
1161 4033 1254 4095 prope
1267 4032 1334 4087 nos,

232 4108 321 4189 quod
334 4108 445 4171 utinam
458 4110 568 4170 factum
581 4129 640 4170 nou
662 4117 756 4170 esset:
777 4108 877 4189 primm
891 4106 967 4165 enim
986 4106 1142 4168 inimicitie
1165 4116 1196 4167 et
1214 4104 1333 4166 offensoe

239 4198 308 4259 inde
321 4202 405 4262 uobis
418 4212 490 4263 ortoe
503 4212 581 4274 runt,
596 4201 672 4263 sicut
690 4200 824 4261 audietis.
866 4198 1014 4260 Potebaut
1029 4200 1077 4260 isti
1101 4198 1243 4280 quotidie,
1262 4218 1334 4259 cum

239 4292 364 4373 primum
376 4294 475 4372 prensi
489 4304 598 4368 essent,
613 4304 690 4355 totos
716 4293 799 4361 dieu
820 4290 919 4371 idque,
939 4290 1009 4350 dum
1022 4291 1052 4351 in
1066 4292 1199 4372 praesidio
1212 4290 1332 4365 suimus,

239 4384 337 4446 facere
358 4404 417 4445 nou
437 4385 621 4449 destiterunt.
663 4386 727 4447 Nos
748 4404 827 4457 vero,
840 4395 873 4443 ut
889 4382 940 4443 bic
958 4383 1036 4444 soliti
1057 4403 1182 4459 eramus,
1195 4384 1238 4443 ita
1259 4382 1332 4444 foris

233 4496 355 4559 ¹quoque
367 4476 556 4560 degebamus.
598 4480 664 4548 Quo
677 4478 765 4559 igitur
776 4477 850 4541 bora
869 4496 981 4539 coeuam
995 4475 1043 4538 alii
1060 4496 1160 4559 parare
1174 4475 1280 4551 solent,
1294 4494 1332 4537 ea
