2967 5017
388 336 558 396 coms
577 333 854 397 TIMAROHUM.
1156 336 1174 392 7

79 491 249 570 puberem
257 491 307 552 bic
319 490 449 551 nondum
457 475 539 569 loqui
551 509 619 550 cnm
631 508 736 570 puero,
750 489 803 549 ssd
816 507 883 548 cnm
897 491 978 568 pueri
991 483 1176 562 necessariis,

79 595 174 661 putre,
184 585 446 654 trememtem,
456 583 613 662 magistris,
625 583 752 660 denique
764 580 800 640 iie
814 581 843 640 in
857 571 979 658 qnorum
993 582 1017 638 is
1031 591 1174 659 potestate

78 687 145 736 est:
167 677 217 735 nbi
227 687 327 736 sutem
339 677 371 736 in
380 677 479 736 album
490 675 615 736 civitatis
627 675 786 754 inscriptus
799 675 898 745 fuerit,
916 685 948 732 et
959 673 1038 752 leges
1053 671 1191 736 ciuitatia'

79 767 217 827 didicerit
232 787 268 827 ac
280 768 429 846 cognorit,
447 773 546 842 etjam
558 768 634 826 inter
654 766 782 825 honesta
791 776 822 824 et
834 765 933 843 turpis
944 766 1108 826 discernere
1123 787 1175 846 po·

78 860 178 930 tuerit,
188 879 247 919 nou
253 860 315 939 jam
325 879 394 918 com
402 860 469 919 aliis
478 877 577 937 agere,
586 859 640 917 sed
649 859 739 917 etiam
751 875 817 916 cum
829 857 893 936 ipso
903 858 1065 918 Timarcho.
1093 862 1174 926 Quo·

80 951 171 1010 modo
183 962 283 1010 antem
295 950 387 1010 dicitl
408 949 528 1028 Siquis,
541 949 647 1028 inquit,
659 947 881 1008 Atheniensium
896 967 1015 1026 corpore
1029 961 1175 1028 questum

80 1042 194 1114 ieoerit,
207 1041 237 1101 ei
248 1061 309 1101 non
322 1041 409 1101 liceat
422 1041 453 1100 iu
464 1041 698 1101 noremsinornm
718 1058 871 1099 numerum
892 1041 1101 1119 cooptari-eo
1114 1043 1174 1102 for·
1271 1043 1276 1064 ‘

80 1133 253 1211 essequod
265 1150 404 1194 eoronam
418 1143 516 1211 gestat
528 1132 553 1191 ie
566 1132 804 1210 magistratus*:
819 1149 916 1208 neque
929 1123 1093 1194 sacerdotio
1107 1134 1174 1208 iuu-
1222 1145 1227 1152 “

80 1225 303 1302 gutur-utqui
309 1243 349 1283 nc
357 1234 409 1282 'ore
419 1223 537 1302 quidem
547 1241 621 1301 puro
630 1223 823 1300 loquntnr-t
836 1241 933 1300 neque
942 1213 1065 1301 publium
1076 1245 1176 1286 cause

81 1324 221 1394 phonos
235 1323 316 1374 esto:
338 1333 435 1392 neque
443 1314 538 1372 ullum
550 1313 752 1391 magistratum
763 1329 892 1391 nuquam
904 1314 1177 1387 administrarem

81 1407 226 1466 domivel
238 1425 369 1484 peregre,
384 1405 446 1464 sive
461 1404 622 1477 modone,
641 1405 703 1464 sive
723 1403 865 1485 suffragio
884 1405 1018 1466 mandari
1040 1407 1174 1468 solitum:
1235 1463 1236 1466 ,

79 1515 179 1576 neque
191 1497 416 1560 caduceatorem
429 1515 526 1575 neque
539 1497 670 1575 legatum
684 1507 765 1575 ogau
778 1516 874 1576 neque
895 1497 1042 1576 legatione
1058 1499 1176 1558 muetos

81 1598 214 1659 accuset,
222 1603 281 1648 aut
294 1587 487 1650 calumnietur
498 1588 634 1648 mercede
648 1589 831 1651 conductus:
853 1607 947 1666 neque
960 1609 1091 1668 umquem
1108 1609 1175 1650 sen·

79 1680 203 1742 unitam
216 1679 306 1748 dicat,
320 1679 368 1738 vel
376 1678 454 1756 spud
467 1679 618 1756 populum,
631 1679 679 1739 rel
692 1679 723 1736 in
742 1689 857 1750 senatu,
871 1682 987 1740 tametsi
1000 1681 1178 1759 eloquentis-

79 1772 177 1832 simus
189 1769 278 1849 luerit
290 1767 521 1832 Atheniensium.
544 1769 601 1836 Qui
616 1788 702 1828 secus
715 1768 828 1840 lecerit,
840 1789 907 1830 eum
927 1772 1114 1848 impudicitiae
1128 1794 1178 1836 ac-

25 1911 30 1918 .
81 1859 212 1926 cunundi
229 1869 404 1937 potestatem
417 1859 509 1930 dedit,
522 1879 682 1938 panesque
697 1861 884 1938 gravissimas
892 1862 1003 1924 statuit.
1025 1862 1131 1924 Recita
1148 1875 1180 1925 et

79 1953 164 2013 hanc
176 1952 283 2030 legem,
297 1961 332 2009 ut
343 1950 454 2021 aciatis,
463 1970 532 2010 cum
545 1961 605 2010 tom
619 1952 759 2012 honestes
775 1963 805 2012 et
818 1953 967 2020 modestas
980 1954 1060 2032 leges
1070 1955 1179 2016 hebes·

82 2041 163 2116 mus,
184 2041 371 2102 'timarchum
384 2039 475 2102 feisse
491 2057 594 2103 susum
609 2043 699 2102 verbs
714 2043 811 2103 facere
833 2060 884 2120 pro
901 2043 1056 2119 concione,
1073 2048 1124 2125 qui
1143 2047 1179 2108 iii

83 2135 214 2198 moribus
226 2142 283 2206 est,
295 2131 402 2210 quibus
414 2150 480 2191 eum
493 2151 545 2192 vos
558 2151 624 2193 esse
636 2132 741 2192 nostin
1146 2165 1151 2172 ·

589 2359 678 2419 LEX.

115 2515 207 2579 liqui·
216 2515 366 2590 Anbeoiespis
384 2531 411 2563 se
430 2515 619 2574 prosdtserlt,ei
634 2529 664 2560 ns
673 2514 745 2568 licent
756 2515 780 2562 in
795 2517 944 2565 noremriros
955 2517 1068 2580 cooptari,
1077 2535 1122 2568 neo
1131 2535 1183 2568 rem

84 2595 191 2644 divinam
207 2593 293 2647 imre,
303 2606 348 2638 uon
359 2590 441 2652 populi
459 2604 552 2636 cauum
563 2604 642 2650 egere,
659 2605 702 2635 uso
711 2590 759 2637 ullo
771 2591 836 2652 longi
847 2592 982 2652 mugistretn
992 2595 1043 2642 sire
1058 2595 1120 2642 doni
1132 2597 1182 2644 aive

84 2685 186 2735 peregre
197 2668 248 2716 nive
260 2667 345 2714 scruto
356 2666 406 2713 sive
417 2664 529 2726 snd'mgio
536 2665 638 2711 munderi
647 2665 726 2720 solito,
734 2680 810 2726 usqne
819 2666 917 2714 lmcislie
926 2668 1039 2729 mittatur,
1048 2685 1123 2730 neque
1132 2687 1183 2718 seu·

85 2746 184 2795 lentim
194 2744 266 2801 dicit,
278 2757 353 2804 neque
363 2741 386 2788 in
397 2740 553 2804 publicolam
565 2740 716 2801 ingredietur,
727 2756 802 2800 neque
818 2741 843 2787 in
856 2741 923 2788 lentis
934 2743 1067 2792 solennibus
1077 2745 1108 2790 de
1119 2762 1184 2792 more

85 2835 197 2870 mm
207 2823 291 2880 gestet,
299 2831 375 2878 nsque
388 2815 507 2862 intraturi
519 2823 585 2876 septa
595 2813 758 2876 progredimur
769 2829 776 2862 t
793 2814 813 2863 si
823 2816 877 2876 quie
887 2824 963 2863 summ
973 2817 1023 2865 hac
1038 2819 1130 2876 temnit,
1141 2819 1184 2867 im·

86 2896 215 2960 pudicitia·
219 2895 397 2950 mods-utne,
406 2897 482 2939 morte
489 2891 626 2938 mulctetur.

130 3037 160 3094 6.
182 3026 271 3102 Hanc
288 3005 386 3112 legem
397 3033 428 3090 in
441 3028 676 3090 adolescentulos
687 3029 765 3100 tulit,
783 3029 833 3106 qui
853 3031 939 3089 focile
953 3034 983 3099 in
996 3051 1051 3095 ena
1063 3052 1187 3112 corpora

88 3126 173 3185 nesus
184 3125 360 3185 admittunt:
382 3140 456 3200 ques
469 3131 575 3184 autem,
578 3119 668 3198 paulo
679 3129 749 3180 ente
763 3120 893 3191 recitavi,
906 3140 950 3180 ete
959 3121 997 3180 ad
1006 3133 1112 3201 pueros
1121 3145 1186 3204 per-

89 3219 205 3278 tinent:
226 3234 301 3295 quas
314 3231 393 3274 nunc
402 3212 534 3271 dicturus
545 3230 623 3286 sum,
635 3211 674 3271 ad
684 3221 799 3271 ceteros
811 3211 1015 3273 Athenienses.
1035 3215 1186 3278 Absolutis

89 3309 169 3370 enim
179 3308 227 3368 his
240 3304 367 3386 legibus,
382 3303 588 3374 consideravit,
599 3322 658 3384 quo
671 3313 761 3383 pacto
780 3323 832 3368 ves
845 3305 876 3364 in
894 3306 1066 3366 concionem
1079 3327 1185 3370 conve-

89 3404 162 3472 nire,
176 3419 210 3460 ac
223 3399 261 3458 de
275 3399 363 3457 rebus
376 3396 557 3474 gravioribue
570 3395 732 3456 deliberare
754 3395 872 3460 deceat.
909 3397 1000 3458 Unde
1017 3409 1117 3460 autem
1134 3421 1187 3462 au·
1241 3414 1247 3426 ’

91 3491 243 3573 spicaturi
263 3491 378 3569 Leges
396 3485 494 3566 iuquit
515 3487 560 3545 dc
580 3486 825 3566 Disciplina.
854 3489 881 3547 A
902 3489 1046 3548 modestia
1063 3491 1186 3568 primum

91 3582 279 3663 auspicetur:
300 3578 397 3661 quael,
415 3579 466 3637 nbi
481 3578 591 3656 optime
608 3576 762 3655 discipline
776 3579 825 3650 sit,
846 3579 885 3638 ibi
899 3577 1046 3638 civitatem
1063 3582 1188 3640 maxime

89 3675 245 3746 florere-sit
259 3691 391 3734 necesse.
412 3669 453 3728 Et
462 3686 523 3746 quo
536 3675 624 3747 pacto
632 3668 718 3748 jubet
730 3669 870 3752 praesides
880 3669 918 3729 de
930 3669 1056 3750 publicis
1064 3673 1189 3752 negotiis
1310 3668 1318 3678 ’

91 3765 201 3848 ageret
241 3764 315 3825 Ubi
351 3755 547 3823 lustralis
577 3760 900 3839 circumgestete
937 3761 1109 3836 fuerint,
1149 3775 1191 3826 et

92 3877 221 3940 preco
239 3856 371 3935 patria
390 3863 485 3914 vote
503 3851 724 3934 peregerit,
748 3853 786 3911 in
806 3853 946 3932 primis
969 3853 1189 3919 decernere
1231 3909 1235 3922 ,

89 3952 208 4034 jubet
226 3945 413 4027 praesideo
437 3944 483 4004 de
501 3942 647 4022 patriis
670 3943 794 4004 sacris
813 3953 852 4003 et
871 3943 1189 4011 caduceatoribus

94 4055 134 4106 et
162 4039 315 4122 legetis
343 4047 384 4098 et
418 4035 599 4119 publicis
636 4035 838 4116 negotiis:
877 4035 1027 4120 ‘¹⁰5¹er
1069 4049 1190 4118 rogat

94 4156 232 4219 preco,
253 4133 349 4204 Quis
371 4151 505 4191 eorum
532 4127 600 4210 qui
623 4148 767 4189 nnnum
790 4128 926 4189 etatis
943 4129 1189 4218 quinquage-

95 4228 234 4288 simum
258 4222 520 4286 excesserint
544 4222 665 4280 verba
692 4222 828 4280 fecere
854 4219 975 4280 veliti
1008 4221 1065 4282 Ubi
1090 4231 1189 4282 entem

93 4319 237 4388 hiomnes
247 4315 383 4388 dixerint,
392 4325 456 4374 tum
466 4313 586 4374 demum
591 4297 849 4392 jnbetcetemium
859 4312 1078 4374 Atheniensium
1089 4333 1192 4394 qnem-

95 4412 141 4470 uis
156 4431 194 4474 ex
213 4409 250 4470 iis
263 4409 368 4490 quibus
389 4404 615 4475 licent‚.dicere.
650 4404 855 4479 Considerate,
871 4405 1079 4478 Athenienses,
1104 4420 1208 4486 quum·
1297 4415 1301 4419 ’
