2967 5017
607 306 653 368 nt
675 302 1015 366 ΟΤΕΒΙΡΗΟΝΊΈΜ.
1108 365 1117 373 ,

734 557 876 620 LEGES.

262 719 340 782 Cum
352 717 441 800 igitur
452 735 505 781 vos
518 717 670 797 decepturi
678 716 789 788 dicent,
799 713 983 795 adscriptum
992 732 1057 776 esse
1066 711 1223 792 legilieere
1231 709 1375 790 aiiquem

262 831 373 874 corone
390 811 512 886 donare,
525 810 549 870 si
564 810 691 890 populus
711 809 838 882 sciverit,
856 807 946 868 facite
965 808 1048 868 vohis
1067 807 1097 868 in
1115 815 1243 868 mentem
1262 806 1379 892 veniat

261 905 416 981 subjicere,
439 905 492 966 ito
517 923 623 974 sane,
648 901 679 965 si
705 921 780 982 que
805 911 840 962 te
867 900 941 962 alie
967 900 1103 960 citites
1129 898 1373 968 coronarit;

261 996 322 1058 sin
348 994 525 1076 populus
551 993 838 1064 Atheniensis,
863 991 1110 1070 designatus
1143 989 1216 1049 tibi
1243 989 1373 1048 iocus

261 1099 334 1167 est,
361 1088 426 1147 uhi
453 1088 492 1148 id
519 1086 830 1165 fierioporteet.
873 1083 1147 1146 Interdictum
1175 1081 1254 1140 tibi
1291 1090 1373 1152 est,

259 1201 311 1256 ne
334 1189 451 1242 extre
472 1179 696 1238 concionem
716 1177 965 1258 proediceris.
1000 1177 1077 1236 Num
1096 1195 1132 1238 ee
1150 1175 1243 1234 verba
1263 1173 1369 1233 olibi
1462 1191 1463 1194 ¹

262 1284 393 1332 autem
419 1290 615 1350 nusquam
637 1271 708 1350 quid
730 1271 786 1330 sibi
806 1269 908 1342 velint,
936 1279 1029 1352 totum
1059 1268 1137 1328 diem
1163 1268 1249 1326 dices
1275 1265 1370 1326 iicet:

261 1383 413 1442 nunquam
434 1366 513 1426 c'erte
526 1364 715 1424 ostendente
735 1363 885 1424 decretum
906 1361 1054 1441 scripsisse
1075 1359 1190 1439 legibus
1206 1371 1370 1420 consenta-

263 1475 364 1518 neum.

304 1551 354 1610 19.
375 1547 483 1608 Restat
495 1568 574 1610 nunc
587 1548 658 1609 mihi
671 1548 868 1610 accusationis
881 1566 960 1626 pers,
974 1546 1005 1606 in
1024 1564 1084 1624 qna
1096 1543 1255 1624 plurimum
1275 1545 1370 1605 studii
1462 1565 1463 1568 ¹

260 1643 388 1704 colloco.
410 1642 456 1702 Ea
475 1661 563 1721 porro
575 1651 623 1702 est
636 1661 737 1716 censa,
752 1649 870 1722 propter
890 1658 981 1719 quarn
999 1638 1089 1700 istum
1110 1657 1219 1698 corono
1240 1637 1371 1716 dignum

263 1736 418 1796 arbitretur
431 1733 588 1811 Cereipiovr.
618 1735 664 1796 lte
674 1735 753 1796 enim
766 1735 797 1794 in
811 1733 932 1794 decreto
945 1733 1063 1794 scribit:
1085 1741 1124 1793 et
1141 1749 1371 1809 preconem

183 1876 189 1886 ,
265 1828 301 1888 in
325 1828 488 1889 theetro
513 1847 643 1888 coram
665 1825 816 1886 Groecis
843 1825 1112 1906 pronuntiare,
1136 1823 1370 1884 Demosthe·

136 1934 139 1936 ’
264 1939 353 1980 nem
378 1938 398 1979 u
421 1920 569 2000 populo
596 1919 825 1981 Atheniensi
853 1937 998 1980 corona
1025 1915 1162 1976 donari
1187 1914 1369 1982 virtutis

264 2031 358 2090 ergo
382 2031 426 2074 ec
448 2011 708 2073 fortitudinis
734 2021 775 2071 et
799 2009 881 2088 quod
896 2019 944 2072 est
956 2007 1086 2068 omnium
1100 2005 1370 2085 maximumquia

264 2103 396 2168 illuct
415 2103 552 2162 dicere
575 2102 767 2161 etiecere
794 2120 869 2160 non
896 2100 1077 2160 desistet
1102 2098 1187 2178 q'uae
1215 2099 1369 2179 populo

263 2201 358 2256 sint
376 2194 609 2255 utilissima.
636 2195 705 2254 Jcm
723 2213 794 2254 vero
812 2191 935 2272 simplex
949 2193 1068 2252 omnino
1081 2193 1112 2250 in
1125 2201 1276 2271 posterum
1297 2193 1369 2270 mihi

194 2285 201 2295 '
264 2284 321 2350 en‘t
341 2285 445 2359 oratio,
467 2288 611 2366 vobisque
631 2286 820 2347 audientibus
839 2285 990 2346 intellectu
1007 2303 1044 2346 oc
1059 2283 1195 2364 judicatu
1216 2283 1368 2346 facillima.

266 2381 320 2440 Me
332 2379 412 2438 enim
426 2378 477 2456 qui
497 2397 606 2438 accuso
619 2377 733 2436 scilicet
745 2376 899 2438 ostendere
914 2385 1040 2454 oportet,
1062 2375 1154 2438 fslsvs
1175 2395 1240 2440 case
1261 2377 1366 2438 laudes

264 2489 332 2548 quse
347 2469 544 2530 Demostheni
560 2468 739 2540 tribuuntur,
752 2487 880 2550 eumque
892 2487 989 2546 neque
1002 2469 1111 2548 optime
1125 2469 1222 2532 dicere
1236 2489 1366 2549 unquam

264 2559 396 2640 coepisae,
412 2577 508 2639 nsque
517 2561 581 2637 J'cm
593 2559 625 2618 in
638 2559 675 2620 iis
686 2561 811 2640 agendis
824 2580 891 2640 qum
902 2559 1013 2622 civitati
1026 2571 1149 2640 prosunt
1167 2580 1365 2640 perseverare.

267 2653 356 2723 Quod
369 2652 472 2712 sihmo
485 2652 611 2726 evicero,
624 2652 693 2732 jure
705 2653 838 2714 nimirum
853 2671 946 2714 causa
958 2653 1046 2714 cedet
1060 2651 1241 2732 Ctesiphon:
1261 2637 1365 2716 hmnea

264 2744 343 2806 enim
369 2745 451 2824 leges
470 2754 580 2818 vetent,
601 2765 639 2805 ne
662 2746 727 2824 quis
752 2746 781 2804 in
811 2746 937 2806 decretis
959 2745 1084 2824 publicis
1105 2743 1184 2805 falsa
1203 2747 1365 2825 perscribat

265 2837 384 2916 scripta.
404 2836 471 2896 Reo
483 2847 582 2898 nutem
594 2836 682 2915 hujus
699 2837 877 2896 obntrerium
890 2847 938 2897 est
950 2835 1177 2898 ostendendum.
1204 2835 1267 2906 Vos
1280 2840 1365 2904 nohis

266 2929 345 2990 eritis
357 2947 458 2990 comm
478 2948 547 3007 quoe
559 2929 695 3008 utrinque
712 2927 846 2992 dicentur
860 2927 988 3008 judices.
1016 2929 1114 3006 Atque
1136 2925 1179 2988 ita
1197 2928 1317 3008 quidem
1330 2950 1363 2992 se

169 3025 172 3033 '
265 3039 313 3082 res
331 3020 430 3081 habet.

306 3115 356 3172 20.
377 3113 534 3173 Enimvero
553 3123 646 3181 totam
659 3110 870 3174 Demosthenis
885 3113 973 3172 vitem
991 3120 1127 3173 excutere
1148 3111 1290 3190 longioris
1304 3131 1360 3192 ego

264 3205 404 3267 orationis
410 3223 485 3282 opus
494 3223 561 3265 esse
571 3206 704 3265 arbitror.
719 3203 799 3271 Quid
808 3205 886 3266 euim
895 3223 973 3264 nunc
982 3205 1040 3264 istc
1047 3205 1285 3276 commemorem,
1296 3223 1362 3284 qvo

263 3294 306 3356 ilii
319 3295 349 3355 in
359 3295 475 3356 actione
484 3294 613 3354 vulneris
626 3294 810 3370 acciderunt,
821 3315 887 3358 cum
895 3297 928 3356 in
943 3297 1130 3376 Areopagum
1141 3295 1244 3358 citavit
1253 3298 1361 3358 Demo-

265 3385 372 3446 melem
386 3384 597 3456 Pseoniensem,
611 3386 819 3448 consobrinum
834 3407 931 3462 suum,
943 3399 1036 3468 utque
1050 3391 1106 3466 ipse
1122 3389 1175 3450 uiri
1187 3399 1278 3469 ceput
1291 3389 1361 3450 ioci·

264 3476 362 3540 denti
380 3475 451 3556 quid
462 3496 499 3539 ea
509 3495 577 3556 qum
591 3477 621 3538 in
630 3479 825 3558 Cephisodoti
835 3482 1018 3561 prprfectura,
1033 3483 1129 3544 clease
1142 3482 1172 3544 in
1183 3481 1362 3563 Hellespon·

263 3582 329 3632 tum
338 3571 480 3651 proiecto,
486 3571 741 3651 costr'gerarrt,quo
750 3582 879 3651 tempore
888 3573 1113 3647 Demosthenes,
1123 3593 1276 3636 cumunus
1285 3586 1364 3636 esset

263 3684 304 3728 ex
315 3663 492 3736 oiersmhis,
503 3673 535 3723 et
547 3683 603 3726 suo
613 3683 688 3726 nave
701 3664 807 3726 ducem
816 3667 1055 3740 circumveheret,
1065 3685 1127 3729 une
1138 3686 1205 3729 cum
1215 3685 1252 3730 eo
1263 3685 1361 3728 vesce-

264 3767 353 3828 retur,
364 3755 550 3827 sacrificaret,
561 3755 812 3834 libareteumque
821 3756 961 3818 honorem
970 3768 1126 3837 propterea
1135 3757 1216 3836 quod
1225 3767 1363 3836 paternus

264 3850 293 3908 ei
302 3848 414 3910 amicus
426 3857 489 3910 eret
496 3859 735 3927 consequeretur,
746 3867 806 3910 uon
819 3849 964 3912 dubitavit
973 3860 1083 3923 temen,
1094 3869 1162 3920 cum
1175 3851 1198 3910 is
1212 3849 1296 3910 iaesm
1302 3870 1363 3912 mu·

258 3941 379 4022 jestads
387 3961 454 4002 reus
461 3941 493 4002 in
498 3941 642 4018 judicium
649 3941 755 4022 capitis
764 3943 1009 4014 essetadductus,
1019 3953 1218 4007 accusatorem
1227 3943 1361 4022 seseejus

265 4036 415 4115 proficerit
435 4035 507 4114 quid
520 4055 557 4096 eo
568 4055 635 4114 qum
648 4035 706 4115 ipsi
716 4055 784 4096 cum
811 4035 904 4098 Midia
923 4038 1145 4107 intercesserunt,
1160 4046 1190 4096 et
1209 4035 1361 4116 colaphos,

265 4146 342 4207 quos
353 4128 385 4190 in
397 4128 550 4190 orchestra
561 4127 652 4190 choro
662 4128 821 4207 proiectus
833 4129 953 4214 occepit,
965 4139 1056 4208 utque
1066 4138 1096 4192 et
1109 4128 1245 4209 injurium
1256 4129 1310 4190 sibi
1323 4129 1363 4190 is·

263 4229 384 4282 cmmet
391 4222 493 4302 popuii
502 4222 587 4285 simul
594 4222 737 4302 judicium
746 4222 971 4295 demontorium,
983 4223 1013 4284 in
1023 4223 1133 4304 templo
1143 4221 1255 4284 Brochi
1262 4231 1364 4286 contra

264 4310 389 4375 audiam
402 4315 632 4393 pronuntiemur.
643 4314 764 4395 triginta
778 4315 863 4378 minis
878 4315 1065 4378 vendiderit?
1087 4316 1162 4384 Hoc
1176 4315 1263 4395 igitur
1274 4323 1362 4393 atque

265 4404 324 4467 ulia
340 4403 388 4466 his
408 4407 516 4470 similia
533 4418 613 4471 recte
638 4408 710 4469 mihi
729 4407 831 4470 videor
850 4427 916 4470 ease
937 4409 1053 4472 silentio
1078 4410 1287 4490 proterimus,
1307 4427 1363 4468 non
