2967 5017
434 317 627 382 EXORDiA
647 319 913 384 conmonuit.
1151 321 1209 381 813

122 475 229 538 odium
249 485 380 538 smmum
400 475 432 535 in
455 475 627 554 impostores
644 475 816 537 vertendum
838 485 910 550 erat,
923 473 953 534 id
976 473 1121 554 suscipere
1142 491 1212 534 eon·

121 570 233 648 tingat.
274 566 368 628 Video
380 567 456 626 enim
470 586 522 627 uos
535 585 614 646 serpe
632 586 693 628 uon
714 577 845 630 unctores
864 585 959 626 rerum
972 564 1080 639 odisse,
1094 563 1148 626 aed
1160 583 1214 626 eoa

120 661 181 740 qui
194 659 233 719 de
246 658 280 719 iis
293 659 430 738 postremi
442 656 579 718 dixerunt
594 657 703 739 aliquid
725 659 804 738 apud
824 677 885 719 ros.
926 659 1099 736 Quanquam
1112 667 1213 720 aurem

120 751 195 811 hmo
207 750 306 812 omnia
317 761 377 811 tam
393 759 528 812 occurate
545 751 654 830 cogito,
667 761 766 812 umen
779 752 881 831 opinor
893 770 951 822 rne,
964 751 1078 810 ceteris
1096 751 1211 811 omissis

120 843 275 916 omnihus,
283 841 402 922 deipsis
413 841 460 902 his
470 841 556 902 rebus
566 860 632 920 quae
641 841 751 921 optima
762 861 827 903 esse
836 840 976 920 judicem,
984 840 1128 902 dicturum
1137 861 1212 904 esse.

639 995 706 1054 XV.

170 1112 286 1176 Vellem
298 1132 361 1182 vos,
374 1115 579 1184 Athenienses,
589 1130 649 1190 qua
659 1129 729 1190 erga
742 1129 843 1172 omnes
857 1112 930 1174 alios
943 1113 985 1172 uti
998 1111 1098 1173 solede
1110 1111 1212 1172 huma·

121 1205 230 1277 nitate,
242 1204 366 1266 eandem
379 1205 467 1266 etiam
476 1203 744 1284 ergarosmetipsos
758 1202 913 1264 adhibere:
928 1222 1005 1263 nuno
1016 1204 1107 1284 major
1116 1215 1215 1265 vestra

121 1307 177 1356 est
189 1295 344 1356 dexteritas
357 1297 388 1356 iu
408 1296 492 1356 malis
511 1295 633 1356 eliorum
646 1294 835 1373 corrigendis,
847 1314 934 1374 quarn
947 1295 978 1356 in
995 1295 1029 1354 iis
1053 1315 1119 1375 quse
1132 1297 1213 1358 vohis

121 1387 201 1468 ipsis
217 1387 355 1450 eveniunt
367 1386 564 1467 providendis.
605 1386 751 1446 Fortassis
777 1396 874 1451 eutem
895 1387 1004 1466 aliquis
1012 1388 1124 1458 dixerit,
1137 1387 1214 1448 hanc

121 1499 273 1541 summam
288 1499 354 1540 esse
374 1478 491 1540 laudem
510 1487 619 1540 nostrre
640 1477 775 1550 civitatis,
798 1479 877 1558 quod
901 1479 1009 1539 nullius
1031 1478 1219 1539 emolumenti

120 1571 234 1652 privati
247 1572 341 1651 gratia
352 1571 446 1630 multo
458 1569 587 1650 pericula
606 1580 725 1650 propter
737 1571 829 1649 ipsam
838 1571 982 1648 justitiam
999 1572 1075 1631 ultro
1093 1569 1215 1632 adierit:

120 1681 188 1740 ego
207 1680 277 1721 vero
297 1671 330 1720 et
346 1669 456 1721 rectam
478 1678 544 1719 osse
560 1679 625 1719 eam
644 1658 816 1720 decivitate
839 1661 1002 1740 opinionem
1024 1655 1157 1720 existimo
1179 1679 1216 1720 eo

120 1753 233 1831 probo,
246 1761 277 1811 et
297 1747 369 1809 illud
388 1750 476 1811 etiam
494 1748 681 1828 prudentium
696 1751 845 1810 hominum
863 1751 990 1810 officium
1005 1770 1071 1811 esse
1089 1761 1170 1833 puto,
1181 1762 1216 1812 ut

121 1841 235 1902 eadem
248 1841 429 1903 solicitudine
443 1860 488 1902 res
504 1852 616 1902 vestras
629 1842 766 1922 privatas,
781 1862 841 1922 qua
853 1843 973 1916 alienes,
983 1843 1099 1914 curetis,
1113 1854 1213 1906 utnon

119 1933 249 1994 humani
261 1933 366 2005 solum,
380 1933 433 1993 sed
448 1932 558 1994 cordati
575 1932 661 1994 etiam
674 1932 838 1994 rideamini.

629 2099 711 2159 XVI.

169 2213 322 2288 Fortassis,
335 2215 539 2290 Athenienses,
551 2235 618 2276 eum
637 2215 734 2286 decet,
752 2218 803 2295 qui
821 2235 873 2277 roe
891 2217 988 2299 aliqua
1001 2219 1039 2280 de
1052 2239 1083 2279 re
1096 2237 1211 2280 monere

123 2307 210 2380 velit,
223 2309 267 2368 sic
279 2307 376 2369 dicere
388 2309 496 2381 conari,
505 2317 540 2368 ut
549 2319 580 2367 et
588 2327 641 2369 ros
651 2309 777 2388 perferre
789 2310 905 2389 possitis
916 2331 925 2378 ;
939 2320 991 2371 aut
1001 2323 1089 2383 certe,
1098 2313 1223 2372 omissis·
1261 2331 1264 2336 ·

123 2399 195 2461 allis
204 2401 300 2460 verbis
313 2401 518 2471 omnihus,ille
529 2401 568 2461 de
580 2402 686 2479 quibus
701 2399 867 2462 deliberatis
879 2402 1018 2463 suadere:
1038 2404 1126 2483 idque
1139 2424 1213 2483 pau-

124 2494 255 2556 cissimis
275 2493 382 2555 verhis.
423 2496 488 2554 Nec
510 2495 587 2554 enim
605 2494 767 2554 cretionum
786 2493 906 2573 penuria
922 2515 969 2555 ree
982 2507 1090 2555 vestras
1114 2515 1215 2556 omues

124 2587 245 2670 cepisse
259 2586 432 2646 detrimenta
444 2603 560 2644 cernere
573 2585 719 2656 videmini,
732 2587 785 2645 sed
807 2587 844 2646 ob
865 2587 923 2646 hoc
944 2587 1023 2665 quod
1041 2588 1089 2645 elii
1108 2599 1213 2668 suapte

124 2698 223 2740 causa
234 2679 443 2738 concionentur
464 2685 495 2736 et
513 2674 692 2754 Reipublicae
705 2687 846 2754 praesunt,
860 2677 917 2749 alii,
932 2679 981 2756 qui
1005 2679 1135 2740 noudum
1157 2679 1213 2738 hoe

123 2769 167 2833 de
192 2788 226 2830 se
248 2769 394 2848 specimen
417 2768 613 2847 praebuerunt,
627 2767 719 2844 magis
742 2767 914 2845 eloquentie
941 2767 1058 2828 leudem
1085 2779 1215 2848 captent,

124 2883 221 2945 quam
238 2863 269 2922 in
290 2862 322 2921 id
344 2862 473 2932 student,
485 2869 520 2920 ut
541 2859 602 2918 suis
627 2859 805 2920 orationibus
828 2857 1008 2936 Reipublicae
1029 2861 1216 2919 consulatur:

126 2977 189 3037 ego
206 2975 287 3028 vero,
302 2954 430 3033 nequod
443 2952 507 3012 aliis
520 2950 685 3011 laciendum
698 2970 763 3010 esse
783 2950 859 3019 dico,
881 2949 911 3008 id
930 2949 992 3030 ipse
1005 2950 1152 3029 negligere
1173 2951 1217 3010 vi-

127 3051 215 3121 dear,
227 3067 263 3110 eo
276 3047 314 3106 de
333 3046 407 3120 aliis,
418 3063 506 3124 qnam
525 3044 563 3104 de
575 3043 622 3102 his
639 3043 677 3102 oh
689 3062 756 3121 quoe
768 3042 886 3112 surrexi,
900 3043 989 3104 verha
1009 3043 1124 3116 seciam,
1143 3063 1217 3122 pree-

128 3141 225 3202 teritis
239 3137 357 3220 reliquis
370 3137 512 3208 omuibus,
527 3155 593 3215 que
604 3135 724 3214 probem
745 3134 905 3213 explicabo.

522 3256 528 3265 ’
624 3289 722 3348 xvn.

163 3411 302 3489 AEquum
324 3409 395 3468 mihi
412 3427 479 3470 esse
498 3408 622 3479 ridetur,
636 3406 840 3478 Athenienses,
853 3415 886 3466 ut
902 3415 1011 3466 etrente
1033 3407 1168 3469 audietur
1180 3409 1215 3481 is,

131 3503 190 3584 qui,
204 3522 238 3562 se
261 3501 343 3562 robis
364 3510 395 3562 et
414 3521 499 3580 seque
516 3510 547 3561 et
568 3499 649 3559 utilio
669 3517 735 3557 esse
758 3517 803 3572 ea,
824 3497 863 3557 de
884 3498 990 3576 quibus
1016 3497 1217 3572 deliberemus,

131 3605 318 3656 ostensurum
329 3593 512 3673 pollicentur.
553 3593 617 3670 Ego
631 3591 718 3670 igitur
731 3609 778 3650 me
802 3589 832 3650 id
855 3589 998 3648 facturum
1017 3590 1119 3669 opinor
1135 3591 1216 3650 haud

133 3685 302 3760 difficulter,
319 3687 344 3746 si
362 3685 445 3756 robis
462 3684 650 3764 perexiguum
670 3681 809 3761 quiddam
829 3679 994 3761 persuaderi
1017 3682 1126 3742 sinatis.
1170 3683 1217 3742 Ne

133 3779 334 3859 unusquisque
346 3790 485 3850 vestrum,
499 3796 565 3855 quse
581 3775 628 3836 his
642 3776 680 3836 de
695 3775 781 3835 rebus
800 3774 897 3846 sentit,
911 3793 946 3833 ee
967 3775 1064 3834 omnia
1086 3794 1117 3834 se
1138 3786 1217 3837 recte

133 3878 241 3936 sentire
260 3892 431 3955 persuemm
448 3872 566 3944 haheat,
580 3870 644 3943 sed,
657 3870 682 3930 si
705 3879 844 3948 prosterea
859 3867 916 3927 dici
929 3867 1038 3948 aliquid
1052 3867 1216 3947 contigerit,

133 3978 168 4028 ut
187 3968 356 4030 consideret
377 3975 465 4044 atque
492 3963 593 4024 audire
615 3962 772 4022 omnisne
795 3970 953 4040 gravetur:
969 3959 1082 4028 deinde,
1100 3959 1125 4020 si
1148 3962 1217 4040 quid

134 4071 214 4123 recte
234 4060 345 4120 dictum
365 4058 519 4130 ridebitur,
536 4066 644 4117 ututur.
685 4053 831 4132 Quicquid
850 4053 926 4113 enim
949 4051 1105 4131 prudenter
1128 4055 1218 4135 expli·

136 4163 233 4214 cetum
255 4153 343 4211 fuerit
355 4169 414 4210 non
427 4147 520 4208 minus
536 4157 664 4208 restrum
676 4147 726 4225 qui
738 4146 819 4206 usuri
832 4145 900 4204 estis
915 4145 969 4203 crit
981 4163 1068 4224 quam
1081 4144 1156 4206 illiue
1168 4148 1218 4226 qui

137 4242 168 4303 id
185 4245 299 4305 dixerit.
341 4242 576 4302 Fundamentum
603 4240 720 4320 quidem
746 4248 823 4298 certe
849 4236 985 4316 legitime
1006 4236 1219 4300 deliberationis

48 4381 59 4406 ,
137 4332 193 4394 hoo
204 4347 261 4408 est,
272 4346 353 4396 utne
365 4334 549 4405 decernatur,
561 4333 729 4411 priusquam
747 4351 783 4391 ee
795 4349 831 4389 ex
844 4331 949 4409 quibus
964 4330 1080 4392 decretu
1093 4333 1221 4411 pendent

139 4425 237 4490 mura
248 4426 368 4488 luerint.
408 4426 515 4505 Neque
525 4425 602 4486 enim
612 4433 728 4510 tempus
741 4423 831 4498 idem,
843 4441 937 4503 neque
947 4423 1018 4486 totio
1031 4433 1087 4500 eet,
1097 4437 1128 4486 et
1140 4445 1221 4487 conr·
