2967 5017
272 367 330 459 ue
604 370 773 431 course
797 347 1015 431 cononum

272 521 357 599 qussi
376 538 443 581 vero
465 524 604 597 continuo
624 524 762 585 credituri
783 526 896 597 essetis,
910 535 941 584 et
961 523 1110 583 veritatem
1126 518 1204 579 haud
1221 519 1365 579 conside·

272 612 371 684 retusi,
384 614 508 693 primum
527 634 621 694 neque
642 616 842 695 Lysistratum,
856 636 950 694 neque
972 616 1103 684 Paseam,
1118 631 1213 691 neque
1234 611 1362 671 Nicera-

272 712 343 775 tum,
362 724 456 784 neque
481 708 651 779 Diodorum,
666 710 715 787 qui
728 710 826 788 palam
840 710 984 770 testificati
1002 719 1071 767 sun't
1085 726 1116 765 se
1136 706 1246 766 vidisse
1269 724 1317 764 me
1342 722 1365 763 a

274 798 394 859 Conone
409 802 561 873 verberari,
576 812 607 861 et
617 803 745 861 vestibus
758 803 851 873 exsui,
865 815 895 862 et
908 803 1020 862 caeteris
1034 820 1106 880 quas
1120 817 1272 879 perpessus
1294 818 1364 858 sum

273 890 454 950 contumeliis
477 892 566 970 affici,
582 894 713 952 homines
734 894 850 971 ignotos
867 896 973 973 quique
993 893 1111 952 fortuito
1131 890 1172 950 rei
1194 891 1363 949 intervene-

172 988 176 995 '
273 990 349 1053 runt,
372 1002 496 1062 unquam
516 984 606 1045 fnisse
626 986 828 1047 commissuros
844 998 877 1047 ut
894 987 969 1046 falsa
990 988 1222 1056 testificarentur,
1234 982 1290 1042 uisi
1313 1000 1364 1041 me

272 1072 314 1130 ita
327 1073 498 1133 mulctatum
514 1076 669 1137 vidissent:
691 1078 797 1139 deinde
820 1081 868 1139 cui
885 1080 919 1138 frt
931 1078 1084 1138 verisimile
1100 1096 1159 1148 me,
1172 1074 1228 1134 nisi
1248 1076 1285 1134 ab
1303 1076 1363 1134 isto

272 1162 394 1225 finissem
417 1166 473 1227 hoc
493 1168 580 1229 modo
602 1169 701 1248 laesus,
715 1171 830 1231 omissis
849 1171 884 1231 iis
899 1192 917 1231 a
930 1172 1035 1250 quibus
1050 1170 1105 1250 ipsi
1119 1189 1165 1228 me
1179 1168 1365 1228 verberatum

274 1278 337 1317 esse
350 1260 533 1335 confitentur,
547 1272 648 1323 contra
668 1283 734 1322 eum
754 1265 803 1342 qui
823 1284 877 1324 nec
896 1264 1040 1342 attigisset
1057 1263 1155 1322 venire
1175 1260 1296 1339 primum
1313 1260 1365 1317 in·

274 1351 426 1411 etituissei
457 1352 517 1413 Cur
531 1354 627 1414 enimi
656 1374 750 1435 quave
764 1356 802 1414 de
816 1356 926 1416 causei
953 1356 1021 1415 Non
1047 1355 1088 1414 ita
1110 1364 1167 1428 est,
1181 1352 1231 1411 sed
1249 1369 1327 1424 eum,
1344 1370 1368 1410 a

276 1460 335 1521 quo
355 1444 480 1522 primum
493 1446 660 1505 verberatus
682 1467 745 1506 sum
762 1449 952 1525 maximisque
976 1444 1156 1506 contumeliis
1177 1442 1308 1514 affectus,
1332 1451 1370 1503 ct

275 1552 393 1609 accuso,
408 1546 437 1595 et
460 1536 524 1612 odi,
544 1548 574 1597 et
592 1558 759 1617 persequor.
801 1541 846 1599 Ao
863 1559 929 1617 quae
951 1558 1008 1617 ego
1022 1537 1098 1609 dico,
1121 1536 1163 1595 uti
1178 1555 1209 1595 re
1221 1535 1284 1613 ipsa
1294 1553 1370 1593 rera

276 1637 347 1687 sunt
364 1630 470 1702 omnia,
491 1630 531 1689 ita
551 1631 638 1689 etiam
656 1651 721 1691 esse
746 1651 814 1691 vera
831 1633 979 1691 videntur:
1001 1633 1056 1690 iste
1079 1640 1186 1699 autem,
1200 1627 1256 1686 nisi
1275 1636 1367 1686 testes

276 1718 348 1807 istos
363 1721 555 1801 produxisset,
569 1723 648 1803 quod
672 1723 783 1784 diceret
801 1744 861 1784 non
874 1724 1004 1793 haberet,
1019 1722 1072 1782 sed
1086 1741 1102 1780 e
1116 1719 1239 1797 vestigio
1257 1720 1367 1778 tacitus

278 1812 409 1873 damnari
423 1816 575 1895 potuisset.
604 1818 679 1877 Cum
695 1828 793 1878 autem
806 1818 868 1897 ejus
888 1817 1075 1878 combiboneo
1093 1813 1152 1873 sint
1165 1822 1195 1870 et
1207 1811 1369 1870 multorum

277 1904 378 1965 talium
393 1907 552 1968 facinorum
567 1910 647 1981 socii,
662 1910 739 1969 haud
759 1911 796 1969 ab
815 1930 845 1968 re
859 1909 965 1969 falsum
980 1910 1007 1967 in
1023 1909 1086 1987 ejus
1100 1904 1222 1984 gratiam
1235 1904 1370 1962 testimo-

278 1997 358 2056 nium
371 1999 516 2059 dixerunt.
558 2001 645 2067 Quod
665 2002 689 2059 si
711 2020 758 2059 res
776 2020 811 2059 eo
830 2001 954 2071 redierit,
975 2010 1017 2070 ut,
1030 2000 1055 2057 si
1076 1998 1125 2077 qui
1139 1994 1370 2055 semelfrontem

278 2091 477 2167 perfricuerint
490 2102 519 2151 et
533 2104 633 2171 aperte
647 2093 722 2152 falsa
743 2093 888 2153 testificari
903 2092 967 2152 ausi
981 2091 1097 2161 fuerint,
1111 2088 1192 2148 nulla
1208 2088 1306 2147 futura
1328 2091 1372 2149 sit

278 2179 407 2240 veritatis
422 2182 539 2254 utilitas,
553 2184 673 2263 indigna
685 2204 730 2244 res
745 2187 807 2245 erit.

323 2273 370 2330 12.
391 2273 431 2330 At
443 2273 559 2333 hercule
579 2294 637 2333 non
652 2287 721 2336 sunt
734 2276 829 2337 tales?
858 2277 921 2336 lmo
934 2286 1043 2337 nomnt
1055 2286 1192 2347 vestrum,
1205 2286 1239 2335 ut
1255 2274 1370 2353 opinor,

281 2362 364 2421 multi
377 2374 408 2421 et
418 2362 578 2422 Diotimum
593 2372 622 2421 et
634 2364 846 2443 Archebiadem
860 2379 891 2421 et
905 2368 1112 2424 Chaeretimum
1124 2367 1262 2427 incanum
1275 2366 1371 2438 iilum,

276 2454 331 2531 qui
349 2472 417 2511 cum
429 2453 552 2511 interdiu
565 2453 688 2512 frontem
704 2462 870 2531 corrugent,
889 2463 920 2513 et
940 2453 1088 2514 Laconum
1107 2458 1265 2517 imitatores
1279 2458 1373 2517 videri

278 2544 379 2615 velint,
394 2554 424 2603 et
436 2545 567 2605 lucernas
582 2545 714 2615 induant,
726 2555 756 2605 et
769 2546 880 2625 simplis
895 2544 982 2606 soleis
995 2557 1125 2618 utantur,
1136 2558 1292 2627 postquam
1301 2568 1372 2608 oon-

277 2638 394 2718 gregati
408 2650 477 2698 sunt
497 2648 527 2699 et
547 2640 621 2700 inter
642 2658 706 2700 sese
725 2639 830 2712 coiere,
843 2639 956 2698 nulium
975 2638 1090 2699 sceleris
1111 2650 1141 2698 et
1159 2639 1261 2719 flagitii
1275 2660 1373 2719 genus

281 2734 518 2810 praetermittunt
559 2734 690 2802 Quorum
710 2732 775 2791 haec
795 2732 950 2811 splendida
963 2743 994 2793 et
1010 2732 1166 2811 magnifica
1178 2733 1268 2793 verba
1282 2741 1373 2794 suot:

281 2825 335 2883 'An
347 2845 406 2885 nou
420 2824 484 2885 aliis
497 2825 545 2886 eiii
558 2836 658 2909 mutus
671 2826 838 2887 testimonia
851 2825 1002 2886 dicemusi
1015 2826 1063 2884 An
1076 2844 1136 2884 non
1149 2824 1213 2884 haec
1228 2824 1375 2889 sedulium

281 2918 481 2979 etemicorum
494 2904 591 2979 officie
605 2918 693 2978 sunt?
707 2918 787 2986 Quid
798 2937 866 2978 vero
880 2937 967 2997 grave
978 2928 1080 2977 contra
1092 2927 1121 2977 te
1135 2914 1258 2976 afferet?
1271 2919 1376 3000 Vapu-

284 3009 344 3069 lare
357 3011 475 3089 quidam
488 3032 554 3070 eum
569 3030 601 3069 se
615 3009 722 3068 vidisse
735 3008 856 3068 dicenti
886 3028 941 3068 nos
960 3028 1028 3068 vero
1047 3019 1075 3067 te
1089 3027 1206 3087 prorsus
1225 3030 1283 3069 non
1303 3012 1376 3071 atti·

285 3103 364 3181 gissa
376 3123 442 3162 eum
457 3102 681 3161 testificabimur.
719 3100 884 3178 Spoliatum
899 3120 964 3159 esse
976 3100 1127 3160 vestibus?
1147 3100 1178 3159 id
1191 3100 1256 3161 ilios
1270 3101 1377 3165 iecisse

285 3194 394 3271 priores
408 3212 461 3251 nos
475 3192 688 3252 affirmabimus.
731 3192 896 3251 Consutum
908 3212 973 3252 esse
985 3192 1120 3253 labrum?
1141 3212 1196 3252 nos
1209 3206 1298 3273 caput
1317 3214 1374 3255 no·

286 3282 331 3343 bis
357 3293 408 3343 aut
435 3282 513 3342 aiiud
541 3283 687 3363 quippiam
709 3302 775 3343 esse
798 3284 1005 3344 comminutum
1029 3284 1279 3363 dicemus—Ego
1302 3306 1374 3347 vero

280 3375 417 3436 medicos
441 3384 531 3436 testes
547 3376 686 3436 'exhibeo
728 3377 764 3436 ld
777 3378 857 3457 quod
870 3376 922 3449 iili,
935 3377 1065 3449 Judices,
1080 3396 1139 3436 non
1153 3376 1279 3437 habent..
1305 3380 1376 3462 *Ex-

281 3469 380 3548 ,oeptis
392 3467 467 3528 enim
478 3468 511 3529 iis
525 3488 591 3547 ques
604 3468 659 3548 ipsi
672 3469 747 3528 inter
761 3490 793 3530 se
806 3470 971 3544 conferunt,
986 3469 1094 3530 nullius
1107 3468 1191 3530 testis
1204 3480 1306 3530 contra
1318 3492 1375 3553 nos

287 3562 400 3642 copiuo
425 3571 494 3621 sunt
515 3560 661 3621 habituri:
683 3572 793 3642 quanta
805 3581 873 3623 vero
893 3582 994 3623 eorum
1008 3565 1047 3623 sit
1061 3574 1092 3622 et
1109 3561 1204 3640 qualis
1227 3563 1265 3622 ad
1285 3582 1376 3625 omne

288 3654 402 3716 fucinus
423 3654 554 3727 audacia,
567 3654 704 3733 equidem
725 3655 765 3715 ita
787 3675 833 3715 me
857 3655 896 3716 dii
919 3666 1027 3725 ament,
1052 3654 1147 3715 dicere
1165 3674 1286 3733 nequeo.
1334 3656 1378 3717 Ut

284 3760 386 3811 autem
396 3748 503 3819 scietis,
513 3748 613 3826 qualia
625 3748 754 3808 facinora
767 3749 876 3826 passim
891 3740 1056 3829 designent,
1065 3748 1155 3807 recita
1166 3744 1232 3807 hec
1244 3748 1377 3808 testimo·

284 3843 348 3915 uis,
361 3852 394 3902 tu
405 3840 473 3901 'vero
488 3840 558 3900 siste
573 3858 688 3918 aquom

708 4056 978 4117 TESTIMONIA.

290 4200 366 4265 Cum
380 4201 466 4279 igitur
480 4202 605 4281 parietes
623 4200 791 4281 perfodiant
807 4209 837 4259 et
854 4200 885 4259 in
898 4198 998 4259 obvios
1012 4208 1188 4278 grassentur,
1201 4217 1273 4259 uum
1290 4198 1378 4259 dubi-

287 4303 376 4363 taturi
388 4304 469 4363 robis
483 4304 622 4365 ridentur·
631 4314 762 4364 mutuum
772 4303 802 4361 in
815 4300 956 4364 tabeliuia
965 4302 1141 4383 perscribere
1154 4302 1378 4363 testimonium!

290 4412 359 4455 uum
381 4404 499 4456 atunto
517 4406 546 4455 et
566 4395 706 4493 taliuodio
719 4404 751 4455 et
762 4393 945 4473 improbitate
967 4404 999 4455 et
1019 4393 1198 4474 impudentia
1219 4405 1250 4455 et
1272 4403 1379 4456 contu·

572 4646 589 4680 Ι
