2967 5017
435 329 653 394 ADVERSUS
680 332 939 396 APATURIUM.
1171 335 1228 393 tm

183 485 230 548 ll).
251 469 331 546 illud
350 485 427 547 enlm
446 487 639 559 considerate,
652 487 859 558 Athenienses,
880 487 906 546 si
922 505 983 545 non
1004 503 1161 556 menone,
1179 484 1233 545 sed

145 567 368 637 Parmenoutern
380 586 534 638 accusaret
545 577 718 658 Apaturius,
730 577 823 638 ninas
836 576 938 655 viginti
946 574 1112 656 postulans,
1123 574 1235 634 Artno-
1319 624 1328 636 κ

109 736 110 744 ¹
142 669 196 728 elis
216 669 381 749 cognitione
405 669 514 730 lretus:
535 669 681 731 Parmeno
704 679 802 730 autern
825 688 892 730 rese
913 687 1044 748 praesens
1061 667 1235 728 defenderet

144 761 224 839 apud
236 779 289 820 vos
303 771 452 840 testesque
469 761 636 834 adduceret,
656 772 728 833 turn,
751 781 811 822 non
824 761 879 822 soli
893 780 926 822 se
945 758 1083 820 Aristocli
1094 758 1147 824 sed
1166 777 1234 819 cnm

145 851 261 912 duobus
283 852 347 912 aliis
372 871 432 922 rem
448 853 639 925 commisisse,
653 863 726 924 turn,
742 851 924 914 interdixisse
937 871 974 910 ne
989 871 1021 912 se
1035 851 1156 910 absente
1166 870 1234 930 pro·

145 944 396 1014 nnncbrectum,
414 963 504 1005 uxore
520 942 575 1004 sibi
587 943 728 1010 et-liberis
744 954 910 1006 terremotu
923 941 1081 1022 oppressis,
1092 960 1184 1021 seque
1196 941 1236 1003 sd
1340 1007 1345 1020 ,

144 1041 256 1094 taum
270 1033 467 1096 calamitatem
480 1033 599 1096 domum
616 1034 760 1113 prolecto,
775 1033 900 1113 eumeni
914 1033 1079 1112 pactionem
1090 1034 1237 1096 abcisiset
1312 1081 1318 1088 .

142 1134 245 1184 eontm
256 1125 407 1186 absentem
420 1135 560 1204 tanquam
574 1127 691 1188 deserto
710 1126 875 1187 vadimonio
892 1126 1069 1186 sententiam
1094 1125 1237 1186 tulisse-

142 1224 226 1274 estne
239 1226 367 1276 vestrm
389 1217 554 1296 quisquam,
575 1219 626 1298 qui
647 1217 845 1290 Parmenonte
865 1219 895 1278 in
915 1218 994 1278 banc
1016 1219 1190 1278 sententiam
1203 1236 1238 1280 se

143 1305 331 1378 defendente,
345 1319 430 1369 tante
446 1307 600 1390 iniquitate
613 1311 724 1372 facturn
743 1309 894 1370 arbitrium
910 1321 1006 1376 ratum
1020 1330 1087 1386 esse
1105 1323 1238 1390 oportere

143 1397 334 1462 decerneret?
366 1401 436 1462 Non
454 1403 545 1464 modo
564 1413 644 1470 certe
666 1404 858 1467 controversis
879 1403 1025 1476 omnibus,
1046 1403 1101 1463 sed
1122 1405 1238 1466 umeui
1362 1441 1367 1457 ·

144 1501 272 1554 exstaret
294 1494 404 1574 pactio,
427 1494 452 1554 si
482 1505 632 1556 constaret
650 1495 782 1556 delatum
803 1515 874 1560 esse
893 1495 933 1558 ad
952 1513 1045 1561 unum
1064 1494 1241 1557 Aristoclenr

142 1583 305 1656 arbitrium
320 1585 345 1644 si
358 1605 418 1646 non
431 1587 570 1648 vetuisset
582 1588 886 1648 Parmeno·eontra·se
899 1587 1105 1666 pronunciare,
1121 1589 1240 1649 tametsi

143 1676 302 1749 evenisset,
322 1686 356 1735 ut
374 1685 444 1738 ante
462 1679 562 1738 arbitri
583 1679 758 1748 sententiam
777 1679 843 1738 talis
860 1677 972 1736 bomini
989 1677 1141 1736 calamitas
1166 1679 1239 1757 obji-

140 1774 271 1837 ceretur,
285 1767 351 1842 quis
373 1767 416 1826 ita
436 1767 612 1828 inhumanus
633 1779 680 1827 est
701 1767 883 1827 &versamus
905 1776 957 1825 aut
976 1767 1091 1838 arbiter,
1112 1768 1165 1846 qui
1180 1787 1241 1829 non

140 1849 241 1932 usque
256 1854 295 1917 ed
307 1859 369 1928 sius
383 1855 509 1916 reditum
523 1855 704 1917 distulisset?
736 1857 825 1925 Quod
845 1859 870 1917 si
883 1855 1039 1930 Parmeno,
1050 1859 1162 1921 ratione
1171 1861 1241 1936 red·

141 1947 218 2020 dita,
241 1947 279 2006 ab
291 1946 474 2028 omniparte
494 1946 621 2024 equinra
638 1947 738 2010 dicere
754 1946 900 2008 rideretur
911 1965 1001 2025 marn
1019 1949 1088 2021 iste,
1104 1951 1241 2030 quoium

142 2034 394 2109 medemnabitis,
408 2037 535 2096 micum
545 2038 603 2099 isto
613 2038 729 2099 bomine
743 2038 787 2099 rei
799 2039 1083 2118 proisnsnibilestl
1308 2043 1320 2066 ·’

186 2129 235 2187 ll.
258 2125 312 2186 Me
334 2127 423 2206 igitur
443 2129 643 2206 exceptionem
662 2138 740 2190 recte
753 2131 937 2208 opposuisse,
951 2131 1122 2210 Apaturinm
1143 2144 1241 2196 sutem

144 2219 219 2280 falso
233 2237 281 2278 me
292 2235 448 2278 accusasse
462 2228 622 2298 contraque
632 2219 714 2300 leges
723 2219 866 2296 judicium
874 2239 941 2280 esse
950 2221 1100 2301 adeptum,
1109 2223 1141 2284 id
1148 2227 1242 2302 robis,

146 2311 279 2384 ludices,
293 2310 393 2371 multis
408 2309 587 2389 argumentis
600 2313 756 2392 probatum
773 2331 842 2374 esse
852 2312 980 2374 conlido.
1023 2313 1063 2374 Et
1072 2317 1154 2393 quod
1167 2338 1243 2396 pra·

145 2405 334 2486 cipsnmem,
345 2405 505 2484 quicquain
526 2404 582 2465 sibi
602 2423 717 2466 mecum
735 2424 804 2468 esse
820 2407 998 2477 commercii,
1012 2407 1172 2487 Apaturius
1185 2431 1241 2472 nec

149 2497 244 2559 dicere
260 2495 404 2558 instituet.
447 2496 499 2556 Sin
521 2515 575 2576 per
597 2495 784 2558 mendacium
799 2497 887 2570 dicet,
900 2515 947 2558 me
970 2498 1000 2557 in
1019 2498 1155 2576 pactione
1168 2502 1242 2562 Par·
1315 2569 1319 2573 ,

147 2589 299 2670 menontia
311 2607 481 2670 sponsorem
493 2609 558 2652 esse
570 2590 750 2671 incomptum,
769 2592 936 2670 pactionem
949 2592 988 2650 ab
999 2608 1037 2650 eo
1050 2586 1196 2675 requirite,
1211 2605 1251 2656 et'

148 2681 194 2743 bic
216 2683 244 2746 ei
267 2682 408 2754 occurite,
428 2701 530 2743 omnes
548 2683 690 2753 homines,
705 2701 774 2742 cum
788 2673 902 2742 tabulas
920 2682 996 2743 inter
1017 2702 1050 2743 se
1073 2685 1241 2761 conficiunt,

148 2783 303 2854 propterea
315 2774 486 2854 obsignatas
500 2773 580 2853 apud
593 2792 645 2833 eos
659 2773 807 2852 deponere
820 2773 927 2850 quibos
941 2775 1037 2836 iidem-
1047 2775 1186 2850 babeant,
1200 2788 1243 2851 ut,

149 2865 256 2945 siqua
267 2863 416 2931 ,dissensio
435 2864 578 2926 muniit
589 2865 771 2942 interipsos,
782 2863 830 2922 ad
850 2863 970 2924 unuln
986 2867 1105 2938 reversi,
1126 2879 1243 2929 contro·

148 2958 307 3018 versiararn
329 2945 551 3035 explicationem
571 2955 640 3016 inde
658 2963 771 3034 mant
812 2953 844 3010 Si
861 2951 928 3030 quis
942 2962 1040 3012 auten
1053 2955 1162 3014 tabulis
1173 2958 1243 3015 abo-

149 3046 203 3108 litis
217 3046 340 3109 eludere
353 3049 503 3110 veritatem
515 3047 612 3106 verbis
627 3043 782 3116 studuerit,
793 3042 864 3122 qnid
873 3042 916 3102 illi
928 3041 1250 3106 fideiestbsbenduml

190 3143 239 3201 12.
248 3141 292 3201 At
302 3139 428 3201 formose
440 3139 591 3219 id-quod
605 3145 651 3198 est
664 3137 784 3218 omnino
797 3135 878 3196 iactu
892 3135 1062 3196 facillimum
1075 3136 1244 3216 injuriarum

151 3241 182 3292 et
201 3230 416 3294 calumniarum
441 3216 827 3294 studiosis—testimonium
842 3226 947 3306 aliquis
969 3226 997 3286 ei
1020 3228 1052 3286 in
1075 3248 1122 3289 me
1144 3231 1245 3292 dicati

154 3323 226 3384 Eum
240 3334 341 3386 autem
362 3342 419 3402 ego
434 3333 539 3384 testem
553 3321 629 3383 side
643 3319 717 3381 falso
730 3319 898 3380 testimonio
910 3318 1072 3399 postrrlaro,
1084 3320 1163 3382 unde
1176 3341 1244 3402 pro·

151 3415 230 3476 babit
242 3435 277 3476 se
289 3415 391 3476 testari
403 3412 521 3476 serumi
555 3413 581 3471 E
594 3410 752 3491 pactione?
773 3411 810 3470 ld
821 3410 910 3490 igitur
923 3429 960 3470 ne
973 3409 1098 3486 differat,
1111 3413 1164 3489 sed
1173 3433 1245 3476 mox

152 3507 280 3585 proferat
292 3507 343 3586 qni
355 3505 453 3566 babet.
494 3504 547 3562 Sin
561 3521 626 3564 earn
640 3514 701 3564 turn
712 3504 821 3584 perisse
833 3500 922 3573 dicet,
932 3501 1012 3562 unde
1025 3521 1081 3583 ego
1092 3505 1245 3568 mendacio

154 3598 367 3660 circumventus
381 3605 553 3678 argumenta
559 3595 680 3676 petanst
709 3594 788 3656 Nam
800 3595 825 3654 si
838 3590 918 3674 apnd
930 3613 978 3654 me
988 3593 1130 3674 deposita
1144 3609 1245 3658 essem

155 3690 431 3770 tabulae,llpsturio
452 3687 596 3750 crirninmi
618 3680 760 3757 licuisset,
773 3705 821 3748 rne
843 3693 963 3766 propter
975 3689 1170 3765 sponsionem
1190 3709 1244 3768 pa·

155 3781 279 3842 ctionem
301 3780 480 3842 abolevisse:
502 3781 548 3838 sin
572 3778 652 3858 apud
672 3779 861 3850 Aristoclam,
873 3777 1073 3856 quamobrem,
1087 3779 1112 3838 si
1133 3779 1244 3862 sbsqm

156 3892 208 3934 sno
217 3891 365 3934 coruensu
378 3869 583 3954 puetioperiit,
603 3889 651 3930 rne
664 3879 875 3942 accusatcum
887 3868 915 3929 ei
930 3869 980 3948 qul
993 3869 1108 3950 accepit
1119 3868 1199 3932 illam
1213 3883 1245 3934 et

156 3983 213 4024 nnn
226 3965 344 4026 exhibet
357 3963 433 4026 diem
448 3983 507 4026 non
519 3963 621 4024 dicati
642 3963 784 4028 Cursum
805 3971 908 4022 contm
924 3981 973 4021 me
991 3970 1096 4022 testem
1109 3962 1245 4040 producit

156 4057 204 4134 qui
225 4055 342 4120 nonne
366 4056 503 4129 aboleuit,
529 4055 662 4120 cuicum
685 4055 774 4116 irasci
796 4052 997 4125 conveniebat,
1010 4051 1066 4112 nisi
1085 4059 1246 4118 communi·

156 4145 343 4226 uatisoperis
362 4146 512 4222 'fallamam
525 4145 612 4208 istam
633 4145 793 4210 commenti
809 4142 931 4206 emoti
965 4141 1033 4222 Ego
1051 4163 1151 4206 cauare
1170 4167 1244 4208 mae
1327 4217 1334 4232 α

128 4281 129 4286 1
157 4237 469 4317 oqtrlltlemdet‘endi,
480 4248 515 4300 ut
526 4239 607 4319 potui
619 4257 635 4299 ι.
649 4256 702 4300 sos
714 4236 804 4320 igitur
814 4234 977 4299 secudum
989 4234 1072 4317 leges
1085 4256 1152 4318 qure
1158 4255 1245 4319 equa

159 4338 229 4392 suet,
237 4329 395 4394 decernite.
