2967 5017
475 341 519 402 IN
541 339 892 402 OLYMPlODORUM.
1162 343 1218 402 671

135 495 304 576 tranquillis
331 495 434 556 animis
456 496 493 556 de
520 497 602 556 istius
625 496 822 575 postulatione
844 495 1044 556 disseruimus.
1085 494 1126 556 lis
1152 515 1221 556 vero

136 585 269 661 ludices,
282 607 348 669 qum
365 589 439 648 inter
457 607 512 649 nos
533 589 570 647 de
589 583 794 650 controversiis
807 589 912 648 nostris
922 587 1035 666 egimus
1048 604 1222 648 commemo·

135 681 242 754 randis,
257 683 325 762 quid
341 693 393 743 sut
405 681 487 743 robis
501 681 650 760 negotium
662 681 817 754 secessum,
825 692 876 741 sut
889 681 1031 760 meipsum
1044 678 1221 758 defatigeml

135 771 221 832 linem
237 781 333 834 entem
350 774 400 853 qui
414 784 588 834 consecutus
609 783 663 846 est,
677 793 729 833 vos
744 773 845 833 audire
861 792 983 832 necesse
1001 782 1055 833 est.
1097 772 1162 850 Ego
1173 771 1223 832 isti

130 863 283 942 judexlui,
292 876 323 925 et
330 866 385 926 iste
398 865 477 937 mihi,
487 875 520 924 ut
529 875 647 945 uterque
659 875 790 926 nostrum
799 864 948 925 semissem
959 863 1102 942 acciperet
1110 881 1221 934 eorum,

134 975 204 1034 qum
218 958 320 1018 Conon
335 958 508 1037 reliquisset,
522 978 616 1037 neque
635 955 726 1016 ullum
739 957 879 1037 deinceps
892 964 972 1016 esset
984 958 1123 1017 internos
1138 957 1223 1018 dissi-

135 1049 228 1109 dium.
268 1050 344 1110 Nsm
366 1050 465 1121 malui,
483 1050 615 1121 Judices,
635 1049 710 1109 ultro
727 1048 775 1110 isti
795 1049 933 1128 impertiri
951 1049 1058 1128 potius,
1071 1069 1159 1129 quern
1172 1069 1224 1110 ex·

135 1139 222 1219 periri
231 1141 342 1219 judicio
356 1161 422 1202 cum
443 1161 478 1202 eo
499 1141 587 1202 affine
606 1161 671 1200 meo
685 1152 715 1200 et
729 1141 843 1200 molesti
861 1139 971 1219 aliquid
989 1141 1084 1202 dicere
1101 1140 1130 1200 in
1144 1161 1221 1214 eum,

133 1229 253 1293 fratrem
277 1234 375 1296 uxoris
394 1253 467 1294 mes
482 1243 513 1293 et
526 1235 702 1294 avunculum
715 1252 845 1293 meorum
857 1232 988 1304 libemm,
1008 1245 1039 1293 et
1051 1235 1089 1294 sb
1101 1235 1159 1292 isto
1172 1253 1224 1294 su·

134 1324 199 1386 dire
212 1327 374 1388 convicium
388 1324 519 1406 aliquod.
541 1327 599 1386 His
610 1328 744 1387 omnibus
754 1325 953 1397 consideretis,
964 1327 1040 1386 cersi
1053 1326 1100 1386 ei:
1119 1337 1224 1407 postes

133 1425 224 1496 pects
237 1418 459 1497 conscripsimus
472 1419 546 1478 inter
559 1438 612 1478 nos
626 1419 761 1478 omnibus
780 1417 817 1478 de
837 1419 932 1490 rebus,
945 1429 974 1478 et
988 1430 1120 1478 sanctum
1128 1419 1223 1497 jusju-

133 1509 259 1570 randum
273 1510 439 1571 alteralteri
453 1509 597 1583 dedimus,
611 1530 662 1571 nos
673 1512 952 1588 omninoquaebonu
962 1510 1116 1570 manifeste
1126 1520 1225 1570 essent

125 1600 209 1680 juste
222 1602 377 1674 divisuros,
391 1614 420 1663 et
433 1613 566 1662 neutrum
577 1603 688 1662 meliori
701 1605 763 1662 fore
777 1601 941 1662 conditione
955 1621 1043 1679 quam
1056 1602 1179 1660 alterum
1193 1603 1222 1660 in

130 1691 170 1752 iis
184 1711 251 1770 qum
264 1694 368 1753 Conon
382 1694 603 1772 reliquisset,.et
615 1704 719 1753 caetera
732 1694 829 1752 omnia
848 1694 1038 1752 communiter
1052 1693 1223 1772 quesituros

127 1794 166 1843 et
178 1793 342 1855 exacturos,
356 1784 431 1844 inter
444 1805 498 1844 nos
511 1784 702 1844 deliberantes
714 1785 784 1862 quid
798 1785 902 1863 quovis
916 1795 1045 1863 tempore
1054 1784 1133 1844 fecto
1145 1797 1225 1846 esset

127 1894 220 1954 opus.
262 1877 489 1955 Suspicabamur
503 1878 590 1948 enim,
613 1877 745 1948 Judices,
763 1887 902 1936 venturos
924 1875 1010 1936 etiem
1026 1875 1098 1936 elios
1118 1877 1223 1954 quide

131 1968 267 2028 Cononis
282 1969 451 2030 hereditate
467 1970 606 2048 litigeturi
620 1979 728 2040 essent,
747 1978 788 2038 ut,
809 1980 840 2028 et
858 1971 973 2028 fratrem
995 1987 1105 2046 meum,-
1121 1969 1223 2030 eodem

130 2073 218 2143 patre
231 2061 314 2120 illum
327 2063 456 2141 quidem,
470 2063 523 2122 sed
537 2071 627 2122 mette
642 2081 700 2120 non
718 2063 819 2121 eadem
834 2071 943 2131 natum,
957 2061 1006 2139 qui
1027 2080 1147 2138 peregre
1172 2065 1223 2122 sb-

128 2163 212 2215 erut:
235 2153 349 2234 quodsi
363 2157 427 2232 quis
441 2155 514 2216 alius
528 2155 752 2214 controversiam
765 2154 849 2213 nobis
870 2153 965 2213 secere
979 2153 1075 2225 vellet,
1088 2175 1142 2214 nos
1157 2175 1222 2234 pro·

131 2247 234 2308 hibere
247 2267 307 2308 non
321 2267 407 2329 posse
419 2269 427 2317 ;
449 2269 515 2308 cum
526 2249 607 2327 leges
620 2247 709 2307 cuivis
723 2246 795 2306 dent
804 2245 924 2326 petendi
937 2255 1119 2325 potestatem.
1149 2249 1224 2308 Hrec

131 2339 223 2418 igitur
236 2341 332 2400 omnia
346 2341 541 2418 providentes,
556 2348 641 2418 pacta
651 2338 875 2416 conscripsimus
885 2339 915 2395 e't
926 2335 1014 2396 fidem
1028 2350 1127 2396 mutuo
1142 2338 1224 2398 dedi-

132 2451 212 2501 mus,
227 2442 260 2490 ut
270 2433 367 2492 neutri
378 2442 508 2490 nostrum
523 2431 569 2490 vel
583 2429 693 2490 volenti
707 2429 753 2487 vel
764 2429 853 2488 invito
865 2428 964 2488 liceret
977 2428 1131 2506 quiequam
1143 2451 1221 2490 seor-

134 2525 191 2586 sim
205 2545 301 2604 agere,
317 2526 369 2585 sed
382 2537 417 2585 ut
429 2526 465 2584 de
480 2525 625 2583 communi
639 2523 760 2582 consilio
779 2533 809 2582 et
829 2522 974 2581 sententia
993 2541 1143 2600 ageremus
1161 2546 1223 2585 om·

134 2617 205 2678 nie:
226 2617 370 2677 ethorum
384 2637 477 2676 rerum
491 2627 580 2676 testes
600 2616 720 2674 fecimus
737 2614 861 2692 primum
880 2614 962 2682 deos,
976 2635 1098 2693 quorum
1117 2634 1224 2677 numen

135 2710 211 2770 alter
234 2707 317 2770 alteri
337 2708 507 2786 juravimus,
527 2718 558 2765 et
583 2717 723 2783 cognatos
743 2714 868 2775 nostros,
892 2705 997 2765 deinde
1020 2707 1224 2770 Androclidem

136 2800 366 2868 Acharneusem‚
381 2799 459 2878 apud
473 2818 559 2876 quem
572 2809 659 2874 pecta
669 2795 865 2872 deposuimus.
907 2795 1013 2874 Legem
1028 2797 1114 2873 igitur
1131 2802 1223 2873 vobis,

135 2892 270 2964 ludices,
286 2892 392 2970 legem,
408 2911 468 2969 qua
479 2899 565 2970 pecte
579 2885 803 2966 conscripsimus
817 2885 968 2956 internos,
986 2896 1016 2946 et
1028 2888 1223 2951 testimonium

135 2987 199 3066 ejus
214 2985 264 3064 qui
278 2994 364 3064 pects
376 2983 474 3044 habet.
518 2981 622 3043 Recita
636 2979 731 3058 legem
745 2979 877 3058 primum.

635 3213 726 3272 LEX.

138 3351 215 3433 lege
224 3365 262 3416 ,et
274 3353 458 3413 Androolidae
472 3352 677 3422 testimonium.

531 3569 838 3630 TESTIMONIUM.

180 3715 208 3771 3.
222 3713 383 3793 Postquam
397 3714 484 3774 fidem
499 3690 598 3773 mutuo
612 3714 758 3790 dedimus,
772 3716 907 3794 pectione
927 3717 1004 3794 epod
1018 3717 1223 3778 Androclidem

140 3807 275 3886 reposito,
297 3809 371 3868 dues
385 3827 442 3885 ego
456 3816 552 3886 portes
563 3807 628 3880 leci,
641 3807 773 3866 ludices.
815 3810 859 3867 Ac
870 3809 961 3868 altem
975 3818 1127 3887 parserat,
1145 3809 1223 3870 sedes

140 3899 168 3958 in
184 3901 288 3979 quibus
302 3900 447 3960 habitarat
461 3900 522 3979 ipse
544 3899 659 3971 Conon,
672 3910 702 3959 et
720 3899 863 3979 mancipis
876 3903 924 3980 qui
937 3921 1039 3962 succos
1065 3902 1222 3961 texebant:

139 3993 229 4052 alteru
242 4012 309 4072 pars
322 4005 405 4052 erent
414 3993 480 4052 alie
499 3991 577 4052 aedes
589 4003 620 4052 et
632 3993 776 4070 mancipia
789 3993 958 4070 seplasiarii.
1001 3993 1032 4052 Si
1045 3993 1115 4070 quid
1128 4003 1226 4054 sutem

140 4085 273 4162 pecunie
286 4086 446 4145 manifestae
463 4085 566 4144 Conon
585 4095 636 4144 aut
657 4083 685 4166 in
708 4104 809 4144 mense
828 4085 992 4146 Heraclide
1011 4086 1174 4164 reliqueret,
1195 4087 1226 4146 id

140 4193 226 4236 omne
238 4178 299 4236 sere
312 4176 491 4256 insumptum
506 4178 560 4236 t‘uit
574 4177 602 4235 in
613 4177 792 4256 sepulturam
806 4188 837 4237 et
851 4190 957 4239 coetera
970 4179 1101 4238 funebria
1114 4190 1144 4238 et
1156 4180 1226 4239 sedi-

136 4265 303 4338 ,ficetionem
317 4269 505 4330 monumenti.
547 4269 611 4347 Ego
634 4265 721 4348 igitur
740 4271 826 4330 factis
846 4271 959 4330 duabus
979 4271 1059 4331 hisce
1084 4273 1231 4351 pertibus„

138 4360 287 4439 optionem
301 4361 510 4443 Olympiodoro
531 4359 599 4420 dedi
617 4375 712 4420 utrem
733 4362 821 4421 vellet
834 4362 976 4441 eligendi:
999 4374 1086 4443 utque
1100 4365 1124 4424 is
1138 4363 1228 4443 elegit

140 4451 324 4532 seplasisrios
339 4467 370 4514 et
388 4455 477 4527 mdes,
492 4473 548 4532 ego
562 4473 630 4514 vero
651 4455 751 4532 occepi
773 4473 924 4515 saccorum
935 4467 1074 4516 textores
1096 4467 1125 4516 et
1147 4457 1227 4516 sedes
