2967 5017
250 313 290 374 76
614 309 658 370 ΙΝ
680 307 1018 376 mutiendum.

251 467 322 548 quin
335 474 367 525 et
378 464 494 526 mmurii
510 463 732 526 fabricationem
742 475 774 524 st
787 463 977 526 reiectitmsm
994 463 1139 526 curabant
1155 463 1278 536 riorum,
1301 463 1370 525 de-

251 560 340 638 nique
356 557 448 617 totius
468 557 529 616 iero
541 556 667 618 civitstis
680 557 962 618 administretiouem
980 555 1125 618 obierunt.
1158 555 1264 634 Neque
1285 556 1370 618 hoe

252 651 332 722 dico,
348 667 409 731 quo
420 667 472 709 eor
486 658 540 709 aut
551 650 680 710 mensem
693 657 748 712 ant
760 648 982 727 reprehendam,
997 647 1051 710 sed
1063 647 1137 708 illud
1154 649 1238 709 vobis
1250 659 1368 710 ostes-

253 759 319 804 sum
334 742 410 814 solo,
424 741 547 801 latorem
559 741 646 821 legis,
657 741 683 801 si
693 740 759 821 quis
768 741 857 802 unius
866 741 914 802 sei
922 739 1013 800 infimi
1021 742 1210 820 magistrstus
1222 741 1368 802 rationes

253 838 359 897 referre
372 835 490 909 debeat,
503 834 584 896 nolle
601 855 680 906 eum,
694 835 860 915 priusquam
881 835 1009 896 retioues
1028 834 1096 895 illas
1114 831 1287 905 reddiderit,
1305 853 1368 896 co-

254 944 327 988 rone
335 925 455 988 doceri:
476 925 639 1007 Ctesiphon
652 937 750 987 autem
764 927 969 1000 Demostheni,
982 927 1032 1006 qui
1046 925 1084 987 sd
1093 943 1237 987 summum
1250 943 1368 988 ornnes

256 1018 441 1082 Athenarum
459 1021 648 1100 megisuntns
660 1039 723 1080 uns
734 1022 867 1100 gerebat,
886 1037 1024 1082 coronam
1045 1019 1204 1080 deoeruers
1219 1036 1281 1080 uon
1300 1019 1369 1080 dm·

255 1111 370 1172 biterit.

300 1206 349 1262 12.
369 1203 438 1262 Jnm
455 1203 546 1262 muris
559 1221 628 1262 eum
646 1201 814 1262 reficiendis
836 1211 1000 1264 curatorem
1013 1199 1116 1276 iuiese,
1136 1220 1204 1263 cum
1221 1201 1282 1263 ists
1298 1202 1365 1263 boc

255 1293 444 1377 plebiscitum
460 1292 587 1374 scripsit,
601 1303 632 1353 et
651 1293 800 1374 publicam
821 1303 966 1354 trectense
982 1294 1147 1374 pecuniam,
1160 1302 1191 1353 et
1208 1293 1366 1371 irrogasse

257 1387 397 1457 mulctas,
418 1386 669 1465 quemndmodum
682 1395 713 1446 et
724 1385 775 1446 eiii
794 1387 995 1466 magistratus,
1008 1397 1039 1446 et
1052 1385 1108 1448 iori
1115 1385 1266 1464 judicislis
1279 1385 1364 1464 prin-

257 1479 387 1560 cipetum
394 1479 566 1551 obtinuisse,
580 1477 681 1538 barum
695 1497 752 1557 ego
765 1497 861 1540 rerum
871 1488 961 1540 testes
971 1479 1055 1540 robis
1068 1479 1164 1557 ipsum
1179 1477 1366 1542 Detuostise-

258 1589 327 1632 nem
350 1579 381 1630 et
405 1569 629 1650 Ctesiphontem
651 1569 758 1630 citabo.
794 1569 872 1630 Nem
897 1569 1065 1630 Chrerouda
1086 1579 1223 1647 pretore,
1249 1569 1366 1632 mensis

260 1663 466 1742 Tbergelionis
485 1663 534 1726 die
549 1680 666 1736 xxxx„
680 1681 748 1722 cum
768 1662 872 1722 concio
889 1661 1057 1735 hebetetur,
1079 1659 1186 1722 scitum
1206 1661 1279 1722 iecit
1298 1661 1367 1722 Be-

259 1755 440 1828 mostlrencs,
452 1764 488 1814 ut
506 1764 737 1814 convocarentur
750 1753 856 1814 Tribus
870 1754 975 1814 diebus
992 1753 1125 1816 wcuudo
1145 1761 1177 1814 et
1191 1755 1282 1814 tertio
1294 1753 1367 1816 Scl-

260 1845 453 1926 rophoriouie,
477 1845 640 1926 eodemque
662 1845 738 1906 scito
757 1846 948 1926 prescripsit,
968 1853 1003 1906 ut
1025 1865 1062 1906 ex
1084 1862 1264 1925 unaqueque
1282 1845 1365 1906 tribu

261 1939 428 2020 deligantur
450 1939 592 1998 moenium
613 1937 836 1999 reficiendorum
858 1947 1007 1999 curatores
1028 1948 1060 1999 et
1074 1945 1247 2016 quaestores.
1284 1937 1364 1998 Prn-

262 2030 367 2092 dcoter
380 2049 463 2104 saue,
475 2030 611 2090 nimirum
624 2040 659 2091 ιιι
670 2041 766 2090 certos
779 2029 913 2090 homines
925 2030 1049 2092 heberet
1061 2029 1165 2092 ciritae
1180 2029 1365 2108 inquisitioni

261 2122 417 2192 obnoxios,
431 2139 451 2179 e
463 2120 570 2200 quibus
582 2130 664 2180 esset
686 2130 856 2200 sumptuum
871 2119 1016 2182 iactomm
1036 2120 1178 2182 rationem
1190 2121 1364 2200 repetituru-

263 2210 369 2274 Recte
381 2211 451 2274 mihi
466 2212 596 2274 decreta

558 2338 562 2346 '
686 2395 690 2398 -
707 2358 916 2420 nocuere.

307 2503 355 2560 13.
376 2500 460 2572 Esto,
471 2519 573 2560 verum
586 2500 654 2560 huic
663 2499 762 2560 stetim
773 2522 790 2562 e
804 2505 950 2564 wod-erio
958 2502 1124 2585 replicnbit,
1137 2507 1259 2567 sibinen
1272 2520 1363 2584 sorte,

145 2625 157 2657 s
209 2611 213 2619 ⁴
264 2590 586 2673 nocmilmgiopopuli
599 2593 738 2654 moeuinm
751 2595 995 2658 instaurationem
1006 2597 1170 2660 obvenisse.
1200 2599 1291 2662 Etde
1305 2601 1363 2663 boc

264 2685 383 2766 quidem
397 2685 612 2756 Demosthenes
621 2695 654 2746 et
666 2688 830 2767 Ctesiphon
843 2691 1003 2752 cretionem
1016 2691 1093 2753 bene
1103 2691 1223 2773 longam
1235 2693 1365 2756 babituri

265 2789 347 2850 suot,
361 2797 433 2840 rere
441 2788 540 2840 autem
554 2778 648 2840 oratio
659 2789 691 2839 et
701 2781 839 2841 brevitet
851 2782 1075 2863 perspicuserit
1086 2785 1282 2864 quequeeuo
1291 2788 1364 2849 iste

265 2891 330 2932 rum
343 2870 488 2932 dissolvet
507 2871 652 2933 inundes.
691 2871 794 2933 Peuce
813 2883 913 2936 umen
931 2875 1073 2956 imprimis
1099 2877 1156 2937 hec
1176 2877 1265 2939 dere
1286 2899 1363 2958 prns-

266 2961 361 3023 iubor.
379 2961 448 3022 'l'ria
459 2971 531 3022 suut
543 2965 618 3040 opud
629 2984 689 3037 sot,
701 2964 911 3039 Athenienses,
926 2967 1151 3046 magistratuum
1170 2987 1298 3048 generet
1325 2991 1360 3033 ex

266 3054 373 3134 quibus
384 3075 477 3116 unum
495 3057 689 3137 omnibusque
706 3057 891 3119 notissimum
905 3069 950 3119 est
962 3079 1061 3120 eorum
1075 3061 1125 3139 qui
1139 3071 1219 3121 sorte
1241 3073 1294 3123 tut
1309 3081 1363 3144 po·

266 3147 329 3226 pnli
350 3145 490 3226 suffugio
512 3160 667 3208 aeentur:
688 3149 823 3222 alterum,
849 3150 900 3228 qui
920 3150 1032 3230 sliquid
1053 3152 1136 3232 qnod
1156 3153 1195 3212 ed
1215 3153 1360 3216 ciriteoem

266 3239 393 3316 pertinet
411 3241 489 3297 ultre
500 3239 621 3316 trigints
633 3238 697 3298 dies
712 3249 840 3299 tractant
860 3241 968 3320 quique
990 3243 1115 3323 publicis
1138 3245 1273 3324 operibus
1293 3259 1362 3310 sunt

267 3328 419 3406 preelecti:
447 3327 564 3387 tertium
589 3329 686 3388 verbis
712 3330 788 3409 legis
814 3350 986 3412 expressum
1010 3344 1067 3408 eet,
1093 3346 1129 3395 et
1156 3335 1185 3396 ei
1212 3339 1273 3416 qui
1300 3339 1359 3401 de·

258 3417 361 3496 ,lecti
386 3416 422 3476 iu
447 3417 529 3478 iero
554 3420 672 3496 aliquo
693 3421 871 3499 judicieli
897 3425 1156 3503 prefecturam
1182 3445 1361 3512 suscepe-

268 3509 354 3582 rint,
377 3508 402 3566 ii
426 3528 571 3588 quoque
591 3520 788 3590 postquem
806 3517 969 3593 spectsti
987 3516 1125 3578 fuerint
1145 3521 1361 3598 magistratu

268 3603 485 3680 iungantur.
525 3603 594 3664 dam
607 3603 633 3663 si
652 3603 808 3664 demantur
826 3608 1026 3686 magistratus,
1040 3610 1090 3688 qui
1106 3612 1207 3690 populi
1225 3611 1361 3695 suffragio

269 3695 360 3773 etqui
370 3703 449 3754 sorte
459 3703 528 3754 sunt
538 3695 638 3767 creati,
652 3706 789 3774 superest
797 3708 829 3756 ut
836 3696 866 3772 ii,
876 3718 950 3778 quos
960 3701 1052 3760 tribus
1065 3711 1096 3762 et
1108 3702 1229 3763 uieutes
1238 3689 1361 3769 tribuum

269 3799 300 3846 et
313 3786 471 3866 municipia
489 3805 527 3846 ex
541 3788 602 3848 suis
621 3779 756 3868 deligunt
775 3789 813 3850 ed
831 3793 985 3870 pecuniam
1002 3794 1151 3873 publicem
1171 3800 1361 3877 tractaodsm,

272 3879 331 3938 sint
344 3877 451 3938 delecti
463 3878 671 3956 magistratus:
692 3881 724 3940 id
747 3893 846 3942 eutem
860 3885 902 3958 iit,
924 3887 1053 3964 quando,
1074 3888 1116 3947 uti
1130 3907 1219 3964 nunc,
1232 3893 1362 3956 tribubus
1406 3949 1411 3956 .

271 3971 381 4050 sliquid
395 3970 564 4031 mundatum
579 3971 677 4046 fuerit,
691 3974 752 4034 sire
765 3975 823 4036 siut
833 3976 922 4036 iossoe
936 3980 1091 4058 egerendas
1105 3983 1166 4042 sire
1179 3982 1309 4048 triremes
1320 3989 1361 4048 is-

272 4061 431 4123 bricaodse.
453 4061 530 4130 Qum
543 4081 610 4123 vero
624 4082 697 4124 ame
710 4065 780 4140 dici,
793 4085 829 4127 ex
838 4067 909 4147 ipsis
922 4069 1036 4148 iegibus
1049 4075 1246 4153 cognoscetis.

746 4255 889 4318 LEGES.

276 4373 311 4458 ln
324 4373 492 4462 memorium
504 4375 592 4457 igitur
605 4390 753 4486 revocate,
767 4401 834 4466 quoe
848 4383 935 4474 ruodo
950 4385 1086 4466 diximus,
1097 4363 1221 4458 latorem
1232 4394 1306 4478 legis
1314 4395 1360 4482 ju·
