2967 5017
337 353 397 416 DE
419 354 536 416 MALE
556 353 690 416 GESTA
713 352 973 415 LEGATIONE.
1085 423 1095 434 .
1163 353 1202 414 65

105 514 135 575 in
149 512 294 573 mandatis
313 531 374 573 non
390 515 503 592 accepi.
534 513 576 572 Ut
593 531 653 571 rem
674 511 785 583 finiam,
805 511 997 571 decreverunt
1016 505 1148 584 collegae,
1171 517 1206 566 nt

105 607 209 666 viritim
223 608 348 685 quisque
363 606 538 666 sententiam
553 616 684 684 rogatus,
703 603 784 682 qnod
797 623 814 663 e
831 601 987 684 republica
1001 619 1065 661 esse
1080 608 1207 680 putaret,

14 763 16 767 ,
107 699 138 758 id
151 700 274 759 diceret.
308 699 426 758 iissent
439 719 518 759 ame
531 717 598 758 rere
612 697 669 757 dici
683 706 811 770 constet,
825 696 983 756 vosamihi
1000 694 1141 772 collegas,
1155 711 1206 752 eo·

106 806 230 869 rumque
239 791 331 879 recita
343 791 553 852 testimonium.

500 1011 808 1076 TESTIMONIUM.

150 1161 200 1218 34.
221 1113 383 1240 Postdnain
396 1161 488 1238 igitur
505 1158 669 1236 legationes
685 1155 800 1215 Pellam
815 1165 1024 1228 convenerant,
1044 1173 1079 1214 ac
1098 1153 1209 1235 Philip·

109 1251 291 1329 persederat,
312 1263 343 1311 et
354 1269 455 1329 praeco
473 1250 588 1327 legatos
612 1246 832 1306 Atheniensium
849 1248 985 1318 sonabat,
1003 1247 1126 1324 primum
1145 1265 1211 1326 pro·

111 1345 263 1413 cessimus,
277 1362 336 1401 non
351 1345 504 1402 observata
525 1349 625 1413 aetate,
638 1353 673 1400 nt
689 1343 720 1400 in
742 1339 836 1418 priore
852 1339 1008 1417 legatione,
1030 1341 1109 1417 quod
1134 1339 1212 1420 apud

110 1436 254 1514 quosdam
268 1434 483 1504 celebrabatur,
498 1442 530 1494 et
543 1443 747 1518 ornamentum
762 1431 888 1490 civitatis
903 1431 1072 1509 putabatur,
1089 1431 1141 1488 sed
1158 1451 1211 1510 pro
1300 1445 1309 1452 ·

112 1525 321 1586 Demosthenis
346 1525 537 1604 impudentia.
573 1526 650 1584 Nam
676 1545 744 1584 cum
766 1543 798 1583 se
819 1523 948 1582 omniurn
969 1532 1041 1581 natu
1061 1521 1213 1580 minimum

111 1635 177 1677 esse
186 1618 377 1695 profiteretur,
388 1619 498 1697 primas
510 1618 627 1680 dicendi
638 1628 736 1696 partes
752 1616 904 1676 sanemini
919 1633 1123 1674 concessurum
1137 1615 1215 1674 affir-

112 1709 222 1781 mabat,
241 1727 337 1786 neque
351 1705 583 1781 commissurum,
597 1719 630 1767 nt
643 1709 763 1786 qnidam
778 1709 838 1782 (me
847 1721 849 1726 ’
859 1706 997 1780 innuens)
1017 1705 1144 1784 Philippi
1161 1723 1212 1764 au·

111 1801 192 1860 ribus
213 1799 372 1879 occupatis,
385 1799 503 1859 dicendi
516 1799 596 1859 vices
615 1800 691 1859 aliis.
702 1799 880 1876 praeriperet.
912 1798 956 1860 Ut
975 1807 1073 1856 autem
1093 1815 1214 1858 exorsus

38 1887 45 1894 '
111 1901 167 1962 est,
181 1890 395 1972 cnmlquadam
413 1891 594 1969 collegarum
613 1891 824 1961 criminatione,
839 1908 913 1966 quos
931 1907 1024 1968 neque
1046 1901 1148 1948 omnes
1166 1891 1214 1949 iis·

113 1983 180 2044 dem
202 1985 241 2044 de
261 1987 360 2056 rebus,
379 2003 475 2063 neque
495 1984 747 2043 consentientibus
770 1983 874 2042 animis
894 1981 998 2041 edesse
1021 1981 1214 2062 significabat,

115 2095 170 2134 sua
187 2077 286 2135 officia
307 2075 443 2154 Pbilippo
466 2074 597 2153 praestita
618 2077 884 2135 commemorabat:
905 2075 1042 2157 primum,
1061 2084 1095 2133 ut
1115 2075 1215 2135 Philo·

114 2166 204 2226 cratis
217 2167 337 2226 decreto
349 2167 526 2244 suffragatus
545 2177 635 2238 esset,
653 2167 827 2224 violatarum
841 2165 940 2242 legum
954 2168 1094 2238 accusati,
1111 2169 1216 2228 cumis

114 2260 290 2336 scripsisset,
302 2258 390 2318 licere
400 2259 538 2337 Philippo
551 2258 665 2337 legatos
675 2259 714 2317 de
727 2277 801 2336 pace
812 2256 945 2316 Athenas
956 2259 1086 2327 mittere:
1109 2259 1218 2320 deinde

115 2350 249 2408 recitavit
259 2349 409 2408 decretum
424 2350 506 2428 quod
518 2350 582 2428 lpse
595 2351 764 2428 scripserat,
778 2367 881 2434 pacem
895 2349 1061 2408 {sciendam
1079 2369 1146 2410 cum
1165 2369 1215 2412 ce·

116 2440 274 2498 ducentore
291 2449 322 2498 et
343 2440 449 2517 legatis
463 2461 481 2500 a
494 2439 630 2519 Philippo
651 2442 765 2507 missin
789 2439 917 2517 denique
939 2441 1025 2512 illud,
1040 2451 1075 2501 ut
1090 2445 1216 2524 populns

114 2531 193 2588 intra
207 2539 304 2588 certos
317 2529 380 2588 dies
395 2531 434 2588 de
448 2549 521 2609 pace
535 2531 718 2590 deliberaret.
755 2531 800 2589 Ac
819 2531 907 2589 talem
926 2535 1021 2591 verbis
1043 2535 1106 2593 suis
1126 2539 1215 2614 signi·

93 2643 99 2649 ·
115 2621 281 2679 ficationem
293 2615 449 2699 interjecit,
461 2639 496 2679 se
509 2621 635 2699 primum
649 2621 695 2693 iis,
707 2620 759 2700 qui
772 2637 877 2700 paoem
896 2621 1095 2694 excinderent,
1112 2645 1145 2685 os
1166 2631 1217 2688 ob-

116 2724 241 2784 turasse,
255 2731 315 2772 non
336 2713 442 2785 serbis,
455 2713 509 2773 sed
531 2713 724 2793 temporibus.
761 2713 877 2772 Deinde
896 2713 976 2772 alind
996 2714 1147 2776 decretam
1166 2720 1217 2778 ad·

117 2805 211 2877 duxit,
225 2823 284 2884 quo
297 2805 470 2884 scripsisset,
483 2804 706 2866 deliberandum
720 2823 785 2865 esse
799 2804 908 2885 populo
925 2805 963 2866 da
982 2806 1110 2868 ineunda
1124 2809 1218 2870 socie·
1342 2833 1346 2840 “

118 2907 190 2956 tate.
212 2895 285 2956 Post
300 2895 381 2956 aliud
395 2897 547 2957 dseretnrn
561 2898 599 2956 de
614 2897 742 2976 Philippi
760 2897 876 2976 legatis,
890 2897 1049 2976 principem
1063 2901 1105 2964 sis
1120 2899 1217 2962 locum

118 2988 251 3048 Mam
266 2989 513 3050 emensi-tibus.
533 2989 574 3050 Et
586 2991 704 3070 adjecit,
720 2999 840 3068 quantae
854 2989 909 3048 sibi
926 3007 1005 3049 curte
1024 2987 1065 3048 illi
1082 2991 1219 3074 luissent,

119 3091 154 3139 nt
166 3082 321 3142 cervicalia
327 3083 434 3162 apponi
447 3094 589 3155 summat,
600 3101 742 3162 suamque
753 3080 917 3142 custodiam
932 3081 1082 3161 strigibus
1092 3101 1220 3146 comme·

119 3175 252 3246 momrit,
266 3184 386 3254 propter
403 3174 529 3247 invidos,
543 3175 594 3255 qni
607 3175 794 3255 splendorem
808 3191 893 3234 suam
905 3174 1089 3236 contumeliis
1102 3178 1220 3241 efficere

87 3337 93 3352 μ
119 3266 308 3345 cupivissent.
331 3267 609 3346 Adjecitillaetiam
618 3269 744 3328 maxime
757 3263 890 3338 ridenda,
905 3267 1221 3348 qnortrmcnllegasiln

119 3357 261 3436 pudebat,
282 3367 316 3416 nt
332 3359 437 3417 taciem
456 3359 646 3436 obtegerent:
666 3369 702 3417 nt
716 3357 843 3437 Philippi
859 3357 1114 3438 legatos'bospitio
1134 3379 1221 3422 exce·

92 3485 97 3491 ν
119 3449 223 3528 piaret,
235 3461 269 3508 ut
288 3448 331 3508 eis
350 3448 524 3508 dbcemuris
537 3449 621 3527 bigas
634 3449 780 3510 mulorum
798 3449 1001 3519 conduxisset,
1023 3457 1055 3508 et
1072 3469 1148 3528 equo
1168 3471 1219 3512 eos

120 3541 487 3613 contaminatienis
494 3542 632 3602 tenebras
643 3543 804 3614 demersus,
815 3551 850 3602 nt
859 3543 907 3601 alii
919 3542 1047 3617 quidam,
1058 3545 1112 3602 sed
1122 3557 1221 3624 aperte

120 3633 303 3698 ostend'mset
313 3634 530 3711 observantiam
544 3641 575 3692 et
586 3633 716 3691 studium
731 3652 826 3693 suurn.
848 3633 905 3692 llis
917 3651 986 3693 vero
1000 3633 1118 3694 demum
1131 3639 1220 3700 rebe·

120 3733 238 3788 menter
248 3725 335 3784 etiam
344 3725 528 3802 corrigebam
550 3742 582 3784 se
595 3743 655 3783 non
665 3723 774 3785 dixisse
784 3723 952 3804 Philippum
965 3743 1030 3785 esse
1043 3725 1219 3794 formosum:

121 3816 195 3878 ntur
208 3816 285 3876 enim
307 3835 374 3877 esse
392 3818 517 3877 muliere
535 3815 703 3878 formosius.
737 3817 842 3895 Neque
865 3817 995 3896 potando
1017 3835 1084 3878 eum
1106 3823 1221 3884 valeret

122 3908 814 3988 quodemtaudsmspongieessaensdmerer.
837 3908 942 3988 Neque
950 3911 1222 3991 memoriapolleret

123 4002 203 4079 qnod
217 4021 283 4061 am
305 4012 424 4080 pataret
439 4003 564 4061 rhetoris
577 4001 746 4067 mercenarii
764 4019 831 4060 esse
851 4001 1143 4064 commendationem.
1175 4007 1221 4068 Ne

123 4095 245 4173 longum
255 4094 372 4167 Man,
382 4095 526 4175 ejusmodi
539 4103 624 4154 erent
636 4113 672 4154 ea
685 4113 751 4173 qnae
760 4092 885 4166 dicebat,
898 4095 1092 4173 praesentibus
1106 4097 1222 4178 legatis,

124 4199 159 4247 nt
174 4188 301 4250 breviter
314 4189 505 4266 eompleetar,
518 4187 609 4248 tutius
628 4186 765 4261 Graeciae,
779 4188 858 4247 uude
874 4189 950 4248 risus
963 4187 1108 4250 maximus
1124 4193 1224 4253 eonci-

124 4279 252 4338 tsbstnr.

166 4373 217 4432 35.
237 4371 282 4430 Ut
306 4381 404 4430 aarum
430 4369 588 4450 aliquando
611 4371 736 4442 linierat,
760 4362 900 4450 laetoque
925 4373 1049 4448 silentio,
1076 4393 1133 4455 ego
1155 4389 1224 4457 post

124 4473 239 4527 tanum
253 4463 456 4534 mstieitatem,
470 4473 502 4522 et
515 4472 576 4523 tam
589 4462 736 4542 insignem
755 4463 951 4526 adulationem
970 4465 1068 4528 dicere
1086 4472 1222 4548 cogebar,
