2967 5017
252 266 313 325 700
561 264 734 327 CONTRA
755 266 1042 328 THEOCRINEM.

252 418 429 481 domesticos
443 438 495 481 vos
512 440 530 481 a
549 441 581 481 se
599 421 681 502 diligi
695 421 914 483 dicet-audire
932 434 979 481 est
991 438 1090 502 operte
1106 420 1241 501 pretium.
1282 422 1351 483 Δο-

252 513 386 595 spicsbor
400 526 498 575 autem
511 515 549 575 ab
562 515 608 588 iis,
621 535 688 595 quae
702 516 731 575 in
745 534 800 576 nos
815 514 940 575 admisit.
968 515 1092 578 Putrem
1102 533 1168 574 cum
1182 526 1352 589 accusaret,

252 605 383 679 ludices,
396 625 432 668 cc
445 607 618 668 violaturum
637 608 737 687 legum
750 628 831 669 reum
841 608 961 681 feceret,
975 607 1097 669 insidias
1108 625 1211 687 puero,
1227 606 1266 667 de
1285 626 1350 685 quo

251 698 399 761 decretum
423 700 563 779 seriptum
584 710 657 772 erat,
671 700 732 761 fieri
755 700 883 771 dicebat,
902 700 932 759 in
954 718 1013 779 quo
1036 710 1118 779 pater
1136 700 1245 759 victum
1265 698 1348 761 cha·

252 790 363 851 ridemo
378 792 525 854 Isocraclri
538 793 598 853 filio
609 792 787 865 decreverat,
800 812 945 866 asserens,
959 794 984 851 si
997 791 1026 852 in
1040 802 1175 874 paternos
1187 792 1268 851 mdes
1278 792 1349 853 red·

249 882 321 943 isset
334 903 414 963 puer,
429 903 530 945 omnes
549 904 631 965 opes,
650 904 724 965 quas
739 884 910 966 AEscbylus,
930 903 949 945 a
969 904 1029 965 quo
1045 895 1108 944 erat
1131 884 1301 963 adoptatus,
1318 884 1349 945 ci

251 974 382 1047 dederat,
394 977 585 1039 amissurum:
606 978 694 1059 idque
708 979 794 1039 falso.
835 977 953 1038 Nemini
963 979 1040 1038 enim
1053 997 1184 1057 unquam
1197 976 1349 1058 adoptato,

251 1068 271 1129 J
274 1068 386 1143 udices,
396 1070 426 1129 id
440 1070 556 1131 accidit.
598 1071 636 1131 Et
655 1072 759 1131 borum
781 1070 911 1131 omnium
922 1082 1072 1133 auctorem
1087 1069 1281 1150 Polycuctum
1294 1090 1348 1131 ex·

249 1160 359 1223 stitisse
372 1161 500 1234 dicebat,
510 1164 560 1243 qui
573 1164 654 1243 pueri
669 1177 789 1225 matrem
800 1164 921 1225 baberet
934 1165 963 1224 in
974 1162 1167 1234 matrimonio,
1182 1174 1270 1241 atque
1282 1164 1347 1243 ipss

250 1255 332 1335 pueri
355 1274 427 1335 opes
445 1257 674 1335 concupisceret.
726 1257 797 1317 irati
818 1268 914 1318 autem
937 1256 1060 1317 Judices
1084 1258 1122 1317 ob
1144 1275 1180 1315 ea
1202 1255 1292 1326 diets,
1315 1265 1349 1317 et

250 1348 372 1429 opinati,
387 1350 482 1429 ipsum
496 1350 614 1429 quidem
628 1349 779 1411 decretum
798 1362 827 1409 ct
851 1352 1001 1430 praemium
1014 1349 1129 1427 legibus
1144 1368 1209 1409 esse
1222 1366 1348 1409 consen·

250 1454 381 1518 tuocum,
401 1462 502 1501 resera
523 1452 621 1501 autern
644 1461 767 1521 puerum
789 1441 912 1521 pecunia
925 1441 1091 1501 insudatum
1107 1439 1149 1510 iri,
1166 1450 1279 1518 patrem
1295 1438 1348 1499 de·

249 1554 316 1597 cem
329 1534 447 1595 talentis
463 1532 651 1605 mulctarunt,
667 1535 762 1613 utqui
775 1552 842 1594 cum
862 1532 1022 1613 Polyeucto
1036 1533 1102 1592 hoec
1115 1531 1275 1604 moliretur,
1287 1530 1349 1601 isti,

250 1638 284 1687 ut
296 1628 377 1707 pueri
390 1627 535 1688 defensori
550 1626 747 1687 crediderunt.
789 1628 835 1686 Ac
850 1646 917 1705 quas
931 1624 1082 1706 injudicio
1095 1622 1348 1697 acciderunchaec

250 1732 282 1784 et
305 1720 472 1801 hujusmodi
496 1720 622 1781 suerunt.
665 1721 706 1779 Ut
726 1730 825 1780 autem
846 1720 943 1779 bonus
966 1721 1023 1779 iste
1037 1720 1079 1779 vir
1101 1718 1233 1778 homines
1257 1715 1348 1777 iratos

250 1832 316 1875 esse
337 1812 551 1883 animadvertit,
575 1824 606 1871 et
629 1812 692 1884 eibi,
716 1824 750 1873 ut
770 1833 829 1872 non
848 1812 966 1873 omnino
986 1810 1109 1883 nefario,
1133 1810 1220 1871 iidem
1239 1808 1351 1885 haberi,

251 1906 391 1967 οτοοιιίῑο
413 1903 574 1983 Polyeucto
594 1904 670 1965 diem
694 1906 772 1985 apud
796 1914 948 1983 pretorem
968 1903 1040 1962 dicit
1054 1904 1139 1963 malae
1153 1902 1349 1975 tractationis,

251 1996 431 2077 primamque
458 1996 638 2055 sortitionem
666 1997 719 2055 dat
747 1993 967 2055 Mnesarcbidoe
1000 1998 1151 2056 assessori.
1207 1996 1350 2074 Acceptis

250 2096 348 2149 autern
362 2106 381 2147 a
393 2086 556 2167 Polyeucto
571 2086 708 2145 trecentis
723 2086 879 2159 drachmis,
897 2097 928 2146 et
940 2086 1089 2147 atrocibus
1108 2086 1165 2146 illis
1178 2086 1348 2148 criminibus
1383 2106 1390 2115 ·

250 2196 341 2259 parvo
364 2198 421 2239 rere
444 2179 580 2251 venditis,
593 2178 632 2236 ob
644 2196 710 2255 quse
731 2190 846 2257 patrem
865 2178 967 2237 decern
982 2179 1101 2238 talentis
1115 2178 1282 2250 mulctaret,
1295 2178 1349 2239 de·

252 2269 337 2343 stitit,
350 2270 563 2350 actionemque,
576 2268 686 2352 pupilio
702 2268 828 2346 prodito,
838 2268 966 2331 sustulit.
992 2271 1060 2351 Age
1073 2287 1147 2330 voce
1160 2267 1231 2329 mibi
1241 2268 1348 2332 horum

252 2371 353 2421 testes.

724 2545 888 2609 TESTES.

293 2694 323 2752 9.
345 2688 435 2758 Quod
457 2690 481 2750 si
499 2690 579 2750 dives
599 2688 702 2750 fuisset
715 2699 810 2770 pater,
822 2696 862 2759 et,
883 2684 1049 2758 olndices‚
1061 2685 1089 2747 ei
1102 2686 1180 2747 mille
1195 2680 1353 2752 drachmas

254 2800 404 2843 numerare
420 2782 573 2862 potuisset,
585 2781 704 2843 omnino
717 2783 836 2842 crimine
849 2778 1020 2841 violatarum
1039 2774 1149 2860 legum
1159 2780 1262 2841 suisset
1278 2781 1355 2844 libe·

254 2884 356 2935 ratus:
377 2880 490 2936 teritum
505 2875 583 2936 enim
597 2875 653 2935 iste
668 2876 704 2937 ab
718 2896 756 2936 eo
769 2874 947 2954 pullulabat.
990 2875 1054 2953 Ago
1067 2892 1140 2934 voca
1152 2872 1224 2936 mibi
1238 2872 1352 2955 Philip·

254 2967 351 3049 pidem
365 2968 577 3040 Passienum,
592 2969 630 3027 ad
649 2986 736 3046 quem
756 2966 830 3025 dixit
849 2963 914 3025 brec
928 2963 1118 3038 Theocrines,
1131 2975 1162 3026 et
1175 2976 1287 3028 ceteros
1300 2968 1353 3046 qui

255 3060 352 3120 sciunt
365 3059 430 3119 hmc
445 3062 481 3121 eb
495 3060 552 3119 hoc
565 3078 628 3117 esse
642 3057 730 3116 dicta.

648 3230 651 3237 ’
723 3262 882 3327 assues

257 3402 473 3467 Theocrinem
466 3408 562 3511 igitur,
576 3408 710 3481 ludices,
729 3411 755 3469 si
767 3409 833 3487 quis
846 3407 967 3469 eissille
979 3408 1135 3474 suebum
1148 3408 1287 3483 dodisset,
1300 3428 1355 3473 ιο·

256 3497 436 3558 cusationem
461 3499 561 3579 patris.
576 3498 667 3561 fuisse
693 3502 881 3575 aboliturum,
904 3480 1005 3563 omnes
1026 3521 1093 3566 voa
1103 3501 1276 3575 medimnos,
1294 3504 1357 3565 etsi

258 3609 342 3652 nemo
355 3592 537 3665 testificetur,
551 3592 693 3654 arbitror·
714 3594 843 3655 eundem
857 3605 956 3657 eutem
973 3595 1082 3657 multos
1098 3594 1173 3657 alios
1185 3593 1357 3669 οοοοιιὶιιο,

247 3694 287 3744 et
301 3684 417 3745 actione
431 3684 565 3747 instituta
577 3685 800 3766 prevaricatum
813 3708 888 3760 esse,
903 3707 1049 3771 parcaque
1063 3700 1187 3769 accepta
1206 3686 1357 3762 mercede,

256 3778 423 3851 euasisse,
436 3778 551 3859 eosqui
564 3798 591 3839 er
584 3778 781 3839 ''dederunt
751 3800 854 3859 ,ipsos
867 3781 992 3854 vocabo,
1006 3798 1044 3841 ne
1060 3780 1240 3854 credatisei,
1243 3782 1356 3843 mot>

253 3886 370 3933 semme
394 3870 492 3951 legum
516 3870 682 3946 violatores,
704 3871 851 3952 glorianti,
873 3884 905 3933 et
925 3872 1100 3936 violatarum
1116 3872 1218 3953 legum
1231 3871 1395 3979 sublatis

255 3960 428 4045 actionibus,
442 3972 577 4025 corruere
601 3963 765 4026 libertatem
790 3964 945 4027 dictitanti.
987 3964 1065 4027 Hac
1086 3966 1162 4026 euim
1184 3964 1235 4046 qui
1255 3926 1395 4027 omnis

241 4055 404 4127 'venduut
412 4054 508 4119 dicere
519 4058 629 4119 &solent
662 4056 745 4117 Voce
759 4057 829 4119 mihi
842 4056 1078 4121 Aristomachum
1094 4055 1360 4121 Critodemitilium

258 4144 516 4226 Alopecensemr
508 4170 534 4210 rs
558 4150 634 4210 enim
652 4150 745 4223 dedit,
758 4152 806 4210 vel
819 4150 916 4231 potius
930 4150 960 4210 iu
975 4151 1040 4230 ejus
1058 4148 1172 4213 sedibus
1192 4150 1272 4215 duce
1285 4159 1360 4212 sunt

122 4314 125 4319 Ι
256 4236 315 4308 isti,
340 4241 513 4323 incorrupte
534 4243 602 4303 fidei
627 4244 697 4317 uiro,
721 4244 787 4303 due
812 4244 900 4317 mine
916 4262 989 4304 cum
1011 4243 1141 4318 dirmdia,
1161 4263 1217 4325 pro
1233 4242 1358 4307 decreto

258 4331 337 4407 quod
351 4334 517 4397 Automedo
531 4335 560 4397 in
574 4336 696 4415 gratiam
711 4336 908 4397 Tenediorum
922 4336 1001 4399 tecit.
