2967 5017
183 561 487 630 ARGUMEN'I'UM
513 566 745 630 ORATIONIS
767 571 990 638 ADVERSUS
1011 573 1198 642 BOEOTUM

209 693 211 698 ·
481 657 538 726 DE
563 659 674 720 notu
694 661 907 727 MATERNA.

180 797 270 847 iirrsrs
288 799 339 847 issu
349 806 374 847 at
384 803 415 848 ab
425 799 509 850 sudam
520 811 545 850 st
555 807 637 851 samaa
653 803 754 853 eandam
768 789 833 855 dist'a
842 815 881 856 sat
891 807 973 856 uratia.
1004 811 1042 860 Ac
1052 816 1138 858 aaut·
1147 808 1242 871 quidam

145 872 223 922 amuis
233 881 287 923 aaut
297 875 388 933 dam,
399 877 674 940 Piugmaajaraadam,
685 880 784 930 iiiur'nm
799 890 882 932 aucta
897 883 999 947 adoptio.
1032 887 1151 933 nussum
1164 892 1241 934 aaran

144 949 245 1007 flantis,
258 951 300 1000 filii
316 955 368 1013 sias
382 960 440 1011 tras,
451 953 594 1004 Μίδου
608 971 623 1003 a
638 955 744 1018 legitima
754 974 829 1008 uxura
839 967 970 1022 sasssptus,
981 961 1117 1010 uanum
1131 976 1159 1008 ac
1174 963 1242 1010 Pan·

144 1027 224 1088 piriiua
235 1028 361 1090 Piaugoais
375 1030 426 1088 ulit,
437 1031 594 1081 usrsuirsrsn
611 1031 750 1082 diviserunt.
780 1034 909 1085 Manis
923 1043 1001 1085 aarum
1018 1036 1149 1086 tructus·
1162 1037 1243 1086 uua·

144 1101 191 1150 sibi
202 1112 324 1153 maternam
336 1106 427 1164 debari,
437 1109 534 1156 Bmutm
542 1123 570 1156 aa
581 1109 717 1172 Pamphilus
724 1118 749 1158 at
756 1109 802 1172 ipsi
811 1112 843 1160 ds
851 1113 906 1161 dota
915 1115 1065 1171 contradant,
1074 1113 1141 1176 quusi
1150 1115 1241 1178 Pluto
1364 1157 1369 1166 .

143 1176 213 1226 stiam
227 1179 250 1226 ia
262 1181 358 1229 Maurius
370 1181 479 1231 tunium
492 1191 585 1231 cautam
597 1184 670 1232 minas
680 1185 825 1237 watuiiasst.
857 1189 972 1237 &ararit
987 1189 1060 1250 igitur
1075 1188 1137 1238 iser
1152 1205 1194 1238 saa
1209 1205 1241 1238 ax

143 1269 212 1316 aqua
222 1255 299 1306 amnia
308 1255 430 1318 partienda
440 1273 503 1314 esra,
514 1267 599 1322 practer
609 1260 680 1318 redas,
692 1269 718 1310 at
730 1263 778 1310 atri
793 1265 855 1325 parii
865 1272 939 1312 mutar
949 1265 1056 1314 attuiisss
1066 1266 1146 1314 dotem
1156 1265 1243 1328 proba·

143 1337 215 1387 ratur,
231 1331 255 1380 si
274 1333 305 1380 da
322 1333 411 1382 ndibns
426 1333 468 1382 iiia
483 1335 583 1398 manda
597 1337 750 1386 raddaratur:
768 1347 794 1388 at
808 1346 894 1404 prater
907 1341 1031 1406 mancipia,
1043 1350 1069 1390 at
1078 1344 1177 1391 Boecins
1187 1358 1241 1390 aum

142 1407 223 1466 hm,
241 1408 335 1472 siquid
354 1410 508 1460 donatiuum
526 1414 679 1476 acquiranut,
691 1415 804 1464 δώσω
821 1432 867 1478 qao
884 1425 1046 1479 compareat.
1079 1420 1139 1467 Past
1153 1419 1240 1467 bara

142 1492 224 1532 mutuo
231 1493 347 1542 accusant,
353 1487 495 1538 nasutum
504 1488 558 1538 illes
563 1490 593 1538 ds
599 1490 708 1538 maianis
718 1491 918 1550 trutinabantur
929 1493 990 1541 bana
998 1495 1028 1542 da
1037 1494 1091 1544 aliis
1101 1495 1240 1558 quibasdam

141 1561 223 1607 rubas.
240 1561 275 1608 Aa
286 1561 372 1610 arbiter
379 1563 532 1614 Hautithaum
543 1566 652 1623 absolvit,
660 1566 771 1616 Bmutam
782 1569 920 1616 acadsrnsst
928 1571 1058 1620 musar.
1072 1571 1148 1632 uam
1157 1572 1239 1620 udam

141 1637 233 1688 actious
243 1639 982 1708 umuueaarnJautatrnvosar.uotsnnammsspum.
1273 1639 1279 1650 ’

692 1940 696 1948 ι

432 2035 933 2196 DEMOSTHENIS

352 2295 695 2394 Auv'uusus
739 2316 1025 2394 umorum
1098 2418 1104 2436 Ι

276 2513 349 2578 na
379 2513 527 2580 nora
558 2464 835 2581 uuua'uuu
872 2513 1101 2580 enarro.

186 2675 212 2734 1.
227 2673 375 2735 Orsururr
390 2674 625 2735 molestissimum
639 2682 695 2743 ert,
711 2671 843 2747 iudicer,
855 2693 925 2735 aum
937 2673 1003 2752 quis
1017 2674 1135 2734 nomine
1148 2675 1238 2735 irater

140 2781 241 2825 corum
260 2765 434 2846 appellatur,
452 2784 527 2844 quos
545 2765 611 2844 ipsa
622 2785 654 2824 re
667 2764 767 2828 hostes
786 2764 885 2837 habet,
898 2774 930 2825 et
941 2766 1041 2828 multia
1064 2766 1237 2846 magnisque

139 2855 265 2916 nutem
288 2857 326 2917 ab
346 2858 389 2918 cia
405 2856 527 2937 injuriis,
544 2857 575 2916 in
589 2855 733 2936 judicium
747 2855 848 2916 renirs
870 2856 996 2933 cogitur,
1015 2856 1047 2916 id
1063 2857 1144 2935 quod
1166 2858 1237 2918 mihi

139 2965 221 3008 aune
233 2948 381 3010 usuvenit.
422 2947 529 3027 Neque
542 2947 621 3008 enim
634 2967 670 3008 ea
683 2945 779 3007 solum
794 2947 833 3006 ab
845 2945 927 3006 initio
938 2946 1090 3006 calamitas
1103 2947 1174 3006 mihi
1186 2967 1236 3010 ac-

138 3039 221 3112 cidit,
236 3051 271 3100 ut
289 3039 415 3120 Plangu,
428 3039 550 3102 istorum
570 3050 673 3116 mater,
687 3047 803 3118 patrem
824 3056 920 3098 meum
939 3037 1096 3097 manifesta
1109 3037 1237 3117 perjurio

139 3131 299 3212 deceptum
319 3132 359 3192 ad
376 3131 450 3192 istos
469 3130 654 3212 adoptandos
668 3129 814 3210 adegerit,
823 3148 937 3209 egoque
949 3137 1107 3208 propterea
1119 3129 1235 3191 duabus

140 3223 307 3302 patrimonii
319 3224 451 3304 partibus
465 3223 519 3284 sim
534 3222 707 3284 fraudatus:
731 3222 786 3282 sed
804 3231 910 3302 prrater
926 3221 991 3280 hee
1005 3219 1094 3280 etiam
1106 3221 1235 3300 paternis
1326 3239 1331 3248 ’

139 3315 255 3376 oedibus
273 3316 311 3376 ab
328 3314 392 3376 istis
411 3326 544 3389 exactus,
554 3315 584 3375 in
602 3314 707 3396 quibua
722 3323 754 3374 at
768 3323 856 3373 natus
870 3331 935 3372 sum
948 3320 979 3372 et
991 3311 1147 3386 educatus,
1161 3312 1235 3374 etin
1294 3379 1297 3384 ,

139 3424 214 3486 quas
229 3425 289 3467 non
307 3417 390 3487 pater
412 3427 474 3480 ecs,
494 3393 547 3467 sed
565 3425 632 3486 ego,
646 3405 787 3468 deiirncto
804 3404 866 3478 iilo,
880 3405 991 3484 recepi;
1013 3403 1132 3466 fraudor
1145 3405 1234 3466 etiam
1288 3473 1293 3482 .

139 3499 208 3560 dote
228 3509 370 3571 materna,
383 3499 420 3560 de
435 3499 495 3581 qiua
511 3517 589 3561 nunc
610 3518 678 3579 ago.
720 3499 797 3557 Cum
814 3517 871 3578 ege
889 3496 932 3558 eia
952 3496 990 3557 de
1010 3498 1145 3558 omnibus
1166 3517 1235 3578 quae

139 3592 338 3670 querebantur
350 3591 551 3664 satisfecerim,
569 3601 763 3671 preterquam
781 3589 806 3650 ai
827 3609 887 3669 qua
903 3609 984 3650 nunc
1001 3582 1118 3672 propter
1127 3588 1234 3669 judici-

139 3701 189 3742 um
198 3683 260 3743 huc
270 3683 452 3744 resurtitioue
464 3681 598 3743 instituta
611 3699 663 3761 per
676 3679 852 3745 calumniam
866 3682 1027 3761 postulant,
1040 3691 1075 3741 ut
1085 3680 1169 3740 vobis
1180 3679 1234 3740 de·

138 3775 315 3848 durabitur:
338 3775 376 3836 ab
393 3775 457 3836 istis
476 3784 574 3836 autem
586 3777 653 3834 cdm
667 3773 805 3834 undecim
819 3773 904 3835 cunia
917 3771 987 3832 nihil
1001 3773 1078 3851 requi
1089 3772 1233 3850 potuerim
1260 3829 1264 3835 .

137 3868 303 3949 impetrare,
315 3886 393 3928 nuuc
406 3867 446 3928 ad
458 3885 511 3928 ros
525 3866 675 3946 coniugio,
690 3877 780 3945 atqua
789 3879 893 3926 amuea
907 3882 960 3926 rus
979 3883 1039 3937 uro,
1051 3861 1186 3935 iudices,
1198 3871 1234 3922 ut

137 3979 188 4021 ma
206 3959 346 4040 benigne,
361 3959 404 4020 sic
424 3969 458 4019 ut
476 3968 578 4040 potero
591 3957 748 4031 dicentem,
761 3957 898 4029 audiatis,
911 3967 951 4028 et,
966 3957 991 4014 ai
1004 3971 1121 4014 mecum
1132 3952 1233 4033 inique

137 4061 238 4112 sctum
261 4051 412 4132 putabitis,
426 4049 540 4112 reniam
562 4049 638 4111 detis
662 4068 729 4110 mea
751 4067 926 4127 recuperare
945 4045 1084 4127 cupienti,
1104 4045 1143 4106 ad
1163 4046 1232 4105 filisa

136 4143 301 4223 prasertim
322 4143 534 4210 elocutionem:
570 4141 679 4203 accidit
699 4142 788 4215 euim,
815 4151 849 4200 ut
873 4147 992 4222 propter
1014 4138 1105 4218 patria
1128 4158 1232 4220 preces

138 4235 244 4298 decem
254 4245 286 4296 et
294 4245 362 4298 octo
372 4245 459 4296 nutus
474 4254 568 4297 anuos
582 4253 702 4298 uxorem
712 4235 855 4308 duxerim,
869 4241 1081 4314 proptereaque
1091 4233 1161 4294 mihi
1173 4234 1233 4294 iilia

135 4327 178 4388 sit
186 4327 251 4407 jam
265 4327 382 4390 nubilis.
401 4327 529 4388 Proinde
537 4339 568 4388 et
578 4346 625 4386 me
634 4325 771 4388 affectum
782 4326 889 4405 injuria
899 4324 1003 4388 meritc
1011 4335 1131 4407 propter
1138 4325 1233 4388 multa

132 4419 290 4497 jurabitis:
316 4431 348 4494 st,
368 4419 432 4482 istiu
453 4419 628 4490 irascemini,
644 4419 705 4498 qui,
723 4418 796 4498 pmii
817 4417 916 4480 dirum
929 4417 1030 4492 iidemu
1042 4439 1110 4479 cum
1131 4417 1233 4480 liceret
