2967 5017
715 361 921 426 AESCllllilS

796 617 834 676 V.

314 748 454 844 Iuliades,
464 792 522 851 quo
533 771 659 832 maxime
667 772 796 832 confisus
804 769 897 844 fuisti,
908 787 1004 848 neque
1016 785 1106 848 quum
1117 767 1255 828 Rhodum
1267 769 1374 830 senis·
1457 769 1458 858 p

270 884 379 937 semus,
393 864 486 937 affuit,
500 863 552 924 sed
569 863 654 923 Lindi
667 863 741 923 ruit:
762 883 859 942 neque
879 860 1019 922 Rhodum
1039 880 1182 930 reversus,
1203 860 1373 920 admodum

269 975 324 1018 nos
344 958 507 1017 humaniter
521 977 591 1018 acce
611 957 647 1024 it,
661 955 720 1014 nisi
741 956 823 1036 quod
842 955 973 1036 vulgaria
993 955 1048 1015 ista
1070 954 1201 1014 nunciati
1215 956 1318 1028 jussit,
1345 955 1373 1014 si

269 1069 374 1129 quare
387 1068 536 1129 egeamus.
571 977 741 1108 Gleocrates
766 1058 862 1108 autem
885 1068 974 1128 quam
994 1046 1100 1126 insigni
1122 1065 1193 1124 erga
1214 1066 1270 1106 nos
1293 1067 1372 1106 usus

187 1145 191 1152 '
266 1141 508 1210 sithnmanitate,
521 1141 563 1200 ite
575 1160 623 1200 me
632 1141 707 1200 deus
718 1151 807 1214 amet,
821 1139 976 1202 scribendo
989 1139 1060 1200 satis
1069 1139 1209 1217 consequi
1222 1157 1283 1197 non
1295 1159 1372 1217 pos-

253 1263 256 1266 *
269 1254 344 1295 snm.
366 1234 475 1294 Effecit
485 1234 573 1305 enim,
581 1242 617 1293 nt
628 1233 709 1294 oedes
719 1233 790 1292 mihi
799 1231 914 1313 publice
926 1233 1074 1305 darentur,
1084 1241 1114 1292 et
1126 1229 1234 1289 fundos
1244 1230 1372 1302 Camiri,

268 1338 358 1405 etque
371 1327 432 1404 ipse
446 1327 534 1387 etiem
547 1327 626 1386 misit
637 1327 724 1387 nobis
737 1338 932 1387 commeatum
943 1328 992 1407 qui
1001 1327 1047 1386 vel
1060 1327 1090 1384 in
1104 1345 1214 1386 annum
1226 1325 1371 1400 sufficiat,

269 1435 329 1476 non
342 1417 414 1477 mihi
425 1429 551 1492 tantum,
564 1419 620 1479 sed
638 1427 669 1478 et
687 1417 871 1492 Teuthranti,
885 1431 916 1479 et
936 1419 1087 1498 Oplistiae:
1106 1419 1156 1496 qui
1176 1417 1296 1496 quidem
1310 1419 1370 1478 etsi

268 1511 364 1570 minus
376 1510 475 1570 lautus
493 1511 532 1571 sit
555 1530 644 1588 quam
663 1512 790 1581 Atticus,
811 1511 902 1570 veluti
922 1511 979 1570 mel
999 1520 1029 1571 et
1045 1511 1160 1568 oleum:
1181 1507 1247 1568 talis
1264 1519 1370 1570 mmen

269 1612 325 1673 est,
339 1611 374 1660 ut
391 1601 449 1662 hoc
460 1603 605 1675 instructi,
618 1601 702 1660 illum
715 1623 775 1662 non
790 1605 980 1678 requiramus.
1009 1601 1114 1659 Vinum
1134 1609 1230 1660 autem
1244 1605 1371 1661 vestrati
1457 1635 1458 1644 κ

270 1693 365 1754 multo
378 1694 575 1772 praestantius,
595 1703 626 1752 et
646 1692 768 1752 mlieris
789 1690 925 1750 conlecta
945 1709 981 1750 ex
1003 1709 1079 1750 nuce
1100 1690 1196 1768 pinea,
1219 1692 1314 1751 lerina
1339 1703 1371 1752 et

269 1785 465 1846 aromatibust
487 1785 526 1844 de
546 1785 654 1862 quibus
674 1783 762 1842 etiam
784 1782 837 1841 tibi
856 1781 967 1860 aliquid
981 1781 1056 1840 misi.
1090 1781 1163 1841 Hoec
1177 1782 1260 1842 nobis
1275 1785 1367 1856 misit,
1457 1795 1458 1854 t

269 1886 300 1936 ct
318 1884 363 1936 tot
374 1875 514 1934 frumenti
525 1874 701 1942 medimnos,
715 1871 795 1932 unde
809 1891 869 1933 non
882 1891 930 1932 me
943 1881 1066 1945 unum,
1080 1872 1134 1931 sed
1153 1869 1255 1933 emises
1275 1872 1367 1935 itiam
1457 1921 1458 1956 3

271 1966 452 2028 Cothocidas
469 1976 636 2025 sustentare
648 1967 777 2043 possim:
799 1983 834 2025 ac
857 1965 949 2025 mults
963 1964 1048 2024 etiam
1064 1963 1121 2024 alia
1133 1975 1286 2043 praeterea,
1298 1987 1367 2046 quoe
1457 2001 1458 2042 3

268 2060 395 2123 scribere
416 2057 519 2137 pudet,
542 2078 588 2118 ne.
602 2056 714 2119 minuta
741 2055 876 2137 quaedam
900 2057 1063 2117 consectari
1090 2057 1199 2118 videar.
1233 2059 1365 2120 Tametsi
1457 2049 1458 2100 ³

268 2153 347 2212 euim
360 2171 407 2212 res
417 2151 591 2230 perexiguas
599 2151 716 2210 maximi
724 2149 836 2222 facere,
848 2149 1013 2228 pusillitatis
1027 2149 1181 2230 cujusdam
1194 2159 1226 2210 et
1239 2151 1365 2212 inscitiae
1457 2201 1458 2204 ,

171 2233 181 2242 ³
269 2263 342 2305 esse.
354 2252 444 2322 puto:
464 2252 565 2303 tamen
578 2241 624 2304 vel
639 2242 815 2302 tenuissimis
828 2242 1017 2304 humanitatis
1033 2241 1136 2301 officiis
1157 2261 1203 2302 me
1218 2241 1366 2304 devinciri

230 2331 238 2342 ’
267 2334 371 2398 lateors
404 2335 579 2414 Suppeditat
602 2334 685 2395 nobis
699 2336 787 2394 etiam
802 2334 981 2393 ereticorum
995 2353 1131 2414 aprorum
1144 2345 1174 2394 et
1192 2353 1365 2414 caprearum
1457 2371 1458 2380 κ

268 2425 401 2487 delicias.
433 2426 583 2486 Praeterea
601 2427 706 2507 etipse
726 2424 855 2504 quotidie
873 2424 1026 2486 nobiscum
1046 2437 1102 2496 est,
1118 2444 1228 2505 susque
1241 2445 1298 2488 nos
1311 2429 1365 2488 irn-

268 2517 357 2594 pertit
378 2515 532 2593 sapientia,
555 2535 621 2595 quae
645 2527 776 2578 nostram
804 2515 932 2576 excellit.
976 2517 1052 2576 Nam
1075 2537 1141 2598 ques
1163 2537 1219 2598 ego
1240 2533 1365 2605 eccepto
1457 2537 1458 2584 ς

268 2606 347 2666 melo
361 2606 459 2680 didici,
474 2627 511 2668 ea
526 2607 586 2681 ille,
600 2619 757 2688 antequam
778 2609 905 2688 accipiat
923 2609 1044 2681 malum,
1066 2629 1121 2670 sua
1134 2610 1276 2689 sapientia
1289 2633 1365 2692 prse-

228 2753 233 2762 .
267 2709 414 2771 canstat
434 2720 504 2772 non,
526 2711 560 2761 ut
581 2701 742 2774 vaecordes,
764 2701 944 2779 experientis
966 2702 1116 2780 magistra.
1157 2701 1262 2782 Neque
1287 2707 1364 2764 enim

152 2784 155 2792 ’
173 2795 176 2807 “
267 2792 398 2871 capessit
412 2791 631 2870 rempublicam.
659 2795 704 2853 Ao
718 2802 861 2874 quantum
874 2795 912 2854 ad
927 2794 1112 2854 Cleocratem
1124 2793 1236 2868 attinet,
1250 2797 1365 2857 nullam

267 2885 357 2947 atam
366 2883 524 2956 civitatem,
537 2885 670 2948 homines
690 2887 765 2947 alios
779 2886 877 2948 nullos
892 2885 1038 2960 desidero,
1052 2887 1105 2948 sed
1120 2887 1280 2948 admodum
1293 2890 1366 2950 mihi

268 2976 367 3056 placet
380 2996 445 3038 mea
458 2977 621 3049 calamites,
635 2997 672 3038 ac
690 2979 758 3036 sitae
771 2977 944 3058 principium
963 2979 1077 3039 videtur
1096 2980 1284 3040 Atheniensis
1307 2983 1365 3041 rei-

267 3068 395 3148 publicae
413 3068 562 3148 effugium.
594 3069 633 3129 Et
656 3069 713 3130 hoc
731 3080 916 3152 statuesque
931 3072 1160 3142 adeodelector,
1180 3083 1213 3131 ut
1224 3073 1269 3151 (id
1282 3075 1363 3152 quod

268 3159 446 3238 Sophoclem
462 3163 526 3240 jam
549 3181 650 3222 senem
674 3161 712 3222 de
731 3163 790 3223 alia
812 3165 940 3242 quadam
954 3164 1104 3244 voluptate
1122 3163 1231 3224 dixisse
1253 3165 1363 3242 lerunt)

267 3252 386 3324 efficiat,
399 3263 434 3312 ut
452 3254 603 3331 voluptate
625 3253 794 3332 reipublice
809 3255 956 3334 gerendae,
980 3267 1119 3335 tanquam
1142 3257 1257 3316 rabioso
1278 3277 1362 3330 cane,

265 3341 406 3405 liberatus
429 3344 501 3401 mihi
513 3344 622 3404 videar.
658 3344 755 3420 Unde,
770 3366 838 3408 cum
859 3349 933 3408 ratio
947 3349 1121 3420 dominetur,
1142 3353 1186 3408 tei
1199 3359 1363 3430 quaterque

265 3434 387 3509 beatum
407 3451 454 3494 me
472 3434 574 3510 judico
588 3439 626 3497 ob
639 3438 695 3499 hoc
710 3439 862 3500 exsilium:
892 3461 959 3514 cum
972 3451 1068 3500 autem
1083 3440 1209 3500 vicissim
1230 3444 1260 3500 in
1280 3462 1363 3504 men-

267 3539 329 3588 tem
341 3524 430 3598 venit,
444 3545 504 3588 non
524 3537 639 3590 tantum
652 3531 822 3604 amicorum,
845 3551 920 3611 quos
934 3533 998 3592 istic
1011 3533 1116 3605 habeo,
1131 3534 1182 3593 sed
1201 3546 1233 3594 et
1251 3555 1364 3616 cogna-

173 3622 178 3640 '
266 3631 372 3692 torum,
386 3630 417 3680 et
428 3620 591 3693 concionis,
604 3632 635 3682 et
647 3622 759 3702 Colytti
773 3627 844 3702 (quo
857 3625 887 3684 in
900 3626 967 3685 loco
980 3645 1012 3684 v.
1027 3635 1058 3686 et
1072 3645 1184 3685 xxxx.
1200 3647 1294 3688 annos
1309 3631 1362 3690 lte-

265 3711 367 3783 bituri)
387 3720 418 3770 et
434 3711 618 3786 Alesicltorii,
632 3725 663 3774 et
676 3714 897 3794 colloquiorum,
912 3735 978 3795 qne
991 3716 1030 3778 ibi
1043 3728 1141 3778 tecum
1156 3728 1185 3779 et
1208 3740 1276 3780 cum
1291 3721 1363 3783 Phi-

265 3801 327 3862 lino
338 3801 505 3875 habuimus,
518 3807 639 3882 sanguis
659 3809 753 3867 omnis
770 3809 800 3866 in
820 3808 908 3868 alium
922 3809 1063 3870 viscerum
1086 3811 1184 3872 locum
1206 3813 1312 3886 refluit,
1326 3835 1362 3875 ac

265 3894 337 3953 mihi
356 3891 514 3972 diquaudo
537 3907 569 3956 et
588 3899 799 3979 conviciaque
819 3901 1034 3962 Demosthenes
1048 3903 1078 3962 in
1091 3923 1139 3963 me
1158 3905 1241 3977 dixit,
1249 3907 1361 3984 jucun·

265 3983 385 4047 deins
403 3987 547 4058 videntur,
564 3999 595 4048 et
614 3990 747 4064 dicteria,
770 3993 875 4072 quibus
897 4005 1003 4072 praeter
1026 3995 1247 4076 Ctesiphontem
1272 4019 1361 4060 nemo

265 4095 395 4155 unquam
408 4078 512 4142 misit.
543 4080 606 4140 Sed
618 4082 725 4141 modus
738 4093 803 4143 esto
816 4084 1009 4163 lacrymarum
1028 4098 1205 4159 postratum.
1233 4089 1277 4150 Tu
1292 4111 1361 4152 vero

266 4167 339 4226 felix
350 4168 414 4239 sie„
423 4189 520 4248 neque
539 4172 639 4235 omnia
651 4173 797 4235 duntaxat
815 4195 937 4236 munera
950 4178 1077 4256 publica,
1092 4180 1146 4239 sed
1161 4191 1192 4240 et
1207 4181 1359 4262 Leptinem

265 4256 462 4336 legitqquod
476 4271 507 4321 et
520 4263 606 4324 nobis
618 4264 750 4324 infensus
773 4277 827 4337 est,
847 4276 879 4326 et
899 4267 1006 4346 alioqui
1027 4269 1096 4330 talis
1116 4281 1151 4330 ut
1172 4293 1239 4332 eum
1255 4275 1359 4336 vicisse

266 4345 337 4407 nihil
346 4349 521 4426 splendoris,
532 4356 614 4414 abeo
630 4366 797 4434 superatum
811 4377 877 4418 esse
890 4359 1058 4436 ignominie
1071 4360 1226 4441 plurimum
1244 4367 1360 4427 lrabeat.

266 4436 365 4516 Atque
378 4437 408 4496 in
421 4441 692 4518 primismoneo,ut
701 4446 769 4524 ejus
780 4453 1083 4532 congressostugias:
1110 4455 1156 4516 sin
1165 4476 1234 4518 esau
1249 4457 1357 4520 insum
