2967 5017
254 346 315 407 tuo
593 346 752 407 ostano
774 346 1008 407 auduom.

253 502 397 563 romae·
410 502 541 563 aima
558 499 665 563 nau·
679 500 886 563 maome·
905 500 1359 573 numanam-avam
1474 468 1475 531 ἶ

252 614 345 669 mum,
358 606 389 657 et
401 595 563 675 aquatius
576 594 694 674 ingenie
706 595 800 675 megia
814 610 903 674 qaam
914 592 1012 653 forma
1021 593 1199 654 anmceilmu
1210 595 1357 673 pambat,
1474 614 1475 681 ι

251 691 373 753 budam
395 690 529 751 trannin
570 690 648 751 Cum
670 701 769 751 autem
783 690 905 761 ddecet,
917 688 1061 750 amatoria
1079 688 1190 769 scripta
1207 689 1358 769 pleraque

252 784 289 846 iis
311 794 386 864 qnn's
407 784 598 858 eetetment,
622 792 656 843 ut
674 784 801 863 ingenue
824 784 932 855 dimin,
954 780 1147 861 ignominiosa
1166 782 1266 861 potins
1279 796 1357 843 aaa·
1474 788 1475 809 l

252 888 339 957 quam
358 878 526 949 honorifica,
545 876 577 937 id
597 888 636 935 ne
656 877 711 935 sibi
734 896 790 936 usu
802 876 914 936 veniret
933 874 1028 941 cavitt
1048 883 1089 945 et,
1101 875 1181 953 quod
1201 892 1235 934 se
1247 876 1356 935 animo

253 982 307 1029 tuo
320 983 492 1048 persuasum
506 970 613 1029 habere
627 969 740 1039 amerit,
754 968 832 1030 idem
845 968 933 1028 οιὶιιιι
952 966 1076 1046 scripsit,
1092 976 1252 1027 amatorem
1263 968 1356 1047 iuga·
1474 1002 1475 1041 3

253 1080 346 1123 nuum
365 1082 460 1141 neque
480 1062 626 1121 facmrum
651 1071 736 1141 turpe
754 1062 912 1141 quicquam
931 1077 1028 1137 neque
1048 1056 1216 1138 petiturum.
1258 1058 1355 1127 Quod

251 1154 340 1235 igitur
362 1155 392 1213 iu
415 1154 545 1214 tratione
564 1154 689 1214 maxime
703 1155 874 1215 amatorium
895 1152 1108 1231 deprehendas,
1121 1150 1152 1210 id
1173 1153 1205 1211 iu
1224 1152 1282 1212 ltoc
1296 1168 1355 1231 gn*
1474 1134 1475 1207 Ῑ

252 1260 324 1307 nure
345 1256 495 1308 versatur:
517 1245 629 1326 reliqua
647 1244 754 1327 partim
774 1246 814 1306 ad
832 1245 925 1325 ipsius
947 1242 1143 1303 adolescentis
1160 1244 1354 1304 commenda·
1474 1282 1475 1313 2

250 1338 361 1399 tionem
374 1338 532 1418 pertinent,
552 1338 657 1417 partim
671 1338 709 1397 de
726 1337 891 1399 liberalibus
911 1334 1071 1416 disciplinis
1091 1333 1217 1415 rituque
1239 1354 1354 1415 genere

253 1430 460 1492 constituendo
471 1430 652 1510 praecipiunt.
694 1430 769 1489 Haec
783 1439 880 1489 autem
888 1429 1354 1507 omniasicscriptasuntqnem·

254 1522 413 1583 admodum
437 1522 467 1581 in
491 1522 672 1583 monimenta
691 1522 839 1583 literarum
862 1520 962 1583 reform
984 1521 1090 1581 soient.
1132 1520 1259 1581 Namut
1278 1538 1351 1582 ora-
1474 1566 1475 1591 ,

251 1615 346 1675 tiones
360 1626 426 1693 qum
439 1614 670 1695 pronunciantur
690 1612 814 1694 simplici
832 1624 864 1673 et
878 1612 1069 1694 extemporali
1087 1614 1227 1673 sermonis
1240 1632 1353 1694 genem
1474 1600 1475 1664 l

251 1708 311 1767 texi
335 1706 460 1776 debent;
480 1706 521 1766 ita
543 1724 616 1786 quas
640 1706 679 1766 ad
702 1716 886 1787 posterorum
906 1706 1058 1785 pervenire
1076 1706 1245 1767 maneriam
1262 1706 1352 1779 reli,

251 1800 395 1881 poematis
407 1801 499 1860 instar
511 1800 674 1862 elaboratas
686 1811 718 1860 et
736 1800 915 1880 exquisitum
929 1800 959 1858 in
971 1799 1091 1859 modum
1109 1796 1268 1879 perpolitus
1279 1816 1353 1860 uase

251 1892 350 1954 ducat.
391 1890 559 1952 literanis
581 1892 823 1972 probabiles,has
843 1892 1027 1971 magnificas,
1046 1909 1114 1951 etue
1134 1901 1257 1971 oportet.
1298 1890 1352 1950 Ne
1474 1870 1475 1915 ἦ

252 2004 320 2047 nm
333 1994 418 2046 extra
437 1995 558 2044 causam
570 1985 630 2043 tibi
649 1984 766 2043 fabulas
788 2003 913 2055 mem,
927 2004 1001 2043 nere
1014 1983 1085 2061 quid
1109 1982 1147 2043 de
1165 1998 1204 2044 aa
1220 1984 1349 2045 andan

251 2078 316 2157 ipae
329 2094 563 2148 commemorem,
576 2076 618 2135 sic
632 2075 777 2147 ausculta,
791 2084 826 2134 ut
832 2076 925 2155 ipsam
936 2074 1096 2135 mationem
1106 2076 1169 2156 jam
1183 2076 1349 2152 andium,

252 2168 370 2248 quando
383 2169 445 2249 ipse
458 2167 554 2242 adest,
567 2186 655 2249 wem
668 2167 830 2227 auditorem
843 2185 912 2227 esse
925 2168 1014 2240 volui,
1029 2168 1192 2247 Epicrates.

291 2264 322 2321 ta
342 2262 418 2322 Cum
439 2260 570 2322 riderem
592 2260 748 2321 nonnullos
769 2277 872 2321 eorum
893 2261 943 2339 qui
964 2271 1100 2320 amantm
1116 2271 1150 2319 et
1171 2261 1348 2321 formarunt
1474 2234 1475 2297 s

252 2356 356 2427 ornan,
380 2363 484 2415 neutra
504 2354 677 2414 felicitatum
701 2353 807 2411 hatum
826 2361 906 2411 recte
927 2352 982 2425 uti,
1003 2352 1056 2412 sed
1077 2363 1111 2413 nt
1129 2352 1190 2413 oris
1208 2353 1349 2415 decorem

250 2446 331 2507 laudi
344 2448 400 2506 sibi
423 2446 541 2519 ducere,
551 2447 595 2506 sio
617 2456 782 2506 amatorum
802 2439 1026 2506 familiaritatem
1045 2446 1185 2517 avmsari,
1208 2456 1297 2526 atque
1314 2448 1347 2506 tn
1474 2424 1475 2459 ³

247 2542 410 2625 judicando
422 2540 500 2602 adeo
513 2554 572 2603 nott
588 2540 746 2621 intelligere
760 2533 870 2621 optima
883 2557 950 2621 quae
963 2540 1032 2611 sina
1045 2552 1080 2601 nt
1091 2549 1211 2621 propter
1228 2541 1347 2621 eosqui
1474 2558 1475 2591 ι

249 2636 307 2697 lato
328 2648 361 2697 re
375 2632 521 2715 flagitiom
544 2636 712 2709 abutuntur,
727 2633 783 2694 iltis
805 2634 894 2695 etiam
917 2634 977 2694 sint
999 2634 1089 2713 iniqui
1111 2634 1163 2712 qui
1180 2633 1348 2694 modestam

250 2740 423 2809 metamque
436 2726 681 2789 cousuetudinem
701 2736 1038 2807 coronamentum
1053 2745 1113 2806 ego
1132 2742 1192 2785 non
1214 2726 1349 2788 sibimet·
1474 2780 1475 2785 ,

249 2822 323 2901 ipsis
336 2830 451 2882 tautum
470 2820 547 2881 male
566 2819 730 2893 consulere,
745 2820 799 2879 sed
816 2818 938 2879 alionum
958 2819 1047 2880 etiam
1061 2817 1269 2879 familiaritates
1291 2819 1348 2879 de—

249 2924 383 2995 pravare,
409 2912 583 2992 illorumque
610 2911 765 2973 amentiam
785 2910 979 2989 prudentibus
1000 2927 1060 2971 non
1082 2924 1150 2971 aare
1173 2911 1347 2973 imitandam

250 3006 432 3068 extenuati:
454 3004 615 3085 prasertim
634 3002 660 3061 si
682 3002 959 3074 considerentcum
980 3019 1028 3063 rer
1046 3003 1118 3082 ipsu
1133 3020 1189 3063 nec
1210 3003 1347 3065 houmtas

249 3116 304 3159 nec
327 3097 479 3178 flagitiosa
502 3116 553 3175 per
575 3112 639 3153 sese
653 3094 721 3164 sint,
742 3091 795 3152 sed
811 3109 865 3171 pm
888 3093 999 3153 ratione
1021 3094 1166 3153 utentium
1186 3093 1346 3173 plurimum

249 3190 371 3261 inient,
386 3186 555 3248 temenmtis
570 3202 633 3245 esse
646 3199 707 3245 uno
724 3184 890 3264 eodemque
899 3185 938 3245 dc
951 3186 1081 3265 utrisque
1094 3186 1183 3245 modo
1196 3197 1345 3250 statuere:

250 3278 364 3350 deinde,
378 3278 507 3338 omnium
520 3294 585 3335 esse
609 3275 850 3336 absurdissimum
861 3274 975 3355 judico,
988 3290 1040 3336 eos
1057 3278 1194 3337 admirari
1212 3281 1264 3358 qui
1278 3280 1346 3360 pln-

249 3370 348 3441 rimos,
362 3378 390 3429 et
405 3368 657 3428 constantissimos
672 3368 783 3429 amicos
801 3368 941 3439 habeant,
957 3380 1102 3431 amatores
1120 3380 1217 3431 autem
1236 3372 1347 3452 impro-

249 3462 329 3533 bare,
344 3460 448 3541 quibus
462 3458 543 3531 solis,
565 3480 620 3519 nec
647 3462 682 3521 iis
706 3468 805 3521 tamen
829 3461 974 3534 omnibus,
988 3462 1043 3522 sed
1060 3463 1145 3523 bonis
1156 3474 1188 3523 et
1204 3464 1345 3526 modestis

250 3554 402 3627 duntaxat,
416 3551 589 3613 amasiorum
603 3551 691 3611 animi
704 3552 750 3611 sic
769 3552 916 3613 conciliati
936 3553 1043 3627 solent,
1058 3574 1094 3616 ac
1107 3556 1175 3616 dedi
1190 3566 1225 3616 ut
1244 3575 1345 3619 eorum

250 3664 316 3707 ease
329 3644 435 3725 proprii
447 3644 622 3704 videantur:
638 3644 700 3723 jam
719 3643 786 3703 illos
800 3645 850 3725 qui
870 3644 980 3706 nullius
997 3647 1066 3707 talis
1081 3646 1215 3707 amicitia
1227 3648 1342 3710 felicem
1467 3700 1470 3705 .

251 3750 389 3800 eventum
402 3736 546 3811 viderunt,
559 3746 611 3798 aut
634 3736 809 3816 semetipsos
830 3748 891 3798 tam
912 3738 1129 3800 incont'mentee
1145 3758 1213 3800 esee
1233 3741 1342 3814 sciunt,

249 3844 283 3892 ut
294 3832 457 3892 modestum
470 3827 738 3909 cumfamiliaribus
752 3830 860 3891 habere
874 3831 1116 3892 consuetudinem
1129 3843 1288 3911 nequeant,
1301 3834 1343 3895 its

249 3925 356 3985 sentire
377 3924 501 3983 formate
523 3921 595 3982 nihil
616 3921 681 3982 miri
694 3932 751 3995 cst,
764 3923 814 4002 qui
836 3934 936 3983 autem
954 3924 1069 3997 eodem,
1085 3935 1191 4004 quotu
1204 3926 1345 3987 animoet

248 4014 415 4075 conditione
429 4025 507 4087 aunt,
520 4012 570 4093 qui
591 4032 648 4073 nec
671 4028 790 4092 prorsus
811 4013 956 4093 ignorant,
970 4024 1089 4093 quantae
1108 4015 1342 4078 necessitudines

247 4126 436 4187 pararnonem
451 4110 561 4187 absque
574 4106 692 4167 infamia
702 4107 761 4166 sint
770 4116 875 4180 aucta,
888 4117 919 4167 et
932 4109 1086 4186 superioris
1100 4110 1170 4168 ritae
1183 4127 1246 4171 sum
1266 4119 1341 4169 tcm-

246 4214 303 4275 pus
328 4216 397 4257 cum
419 4197 595 4266 verecundia
622 4208 837 4276 transegerunt,
868 4198 899 4257 in
926 4218 977 4259 eos
1001 4219 1038 4259 ne
1062 4202 1192 4281 suspicio
1223 4202 1341 4283 quidem

246 4286 327 4348 cath
347 4288 437 4348 uitus
452 4290 654 4369 turpitudinis.
694 4289 764 4358 Quo
785 4290 878 4369 magn
898 4291 989 4352 etiarn
1002 4292 1141 4354 adhunc
1158 4289 1342 4355 maantam

246 4379 404 4442 mutarem
415 4393 483 4441 snm
494 4381 643 4456 unitatae,
663 4382 745 4463 qaod
757 4382 832 4444 dnae
847 4396 897 4444 rau
910 4384 1120 4465 pulcherrimas
1130 4388 1273 4467 mrumst
1291 4398 1341 4449 me

245 4478 337 4553 ptest
362 4471 637 4539 &inanimum
693 4476 772 4537 Nan
799 4486 862 4538 tun
878 4478 964 4541 boris
988 4479 1047 4542 tais
1072 4480 1341 4559 conmutatum,
