2967 5017
328 341 335 348 ·
386 325 444 384 DE
465 325 581 388 MALE
600 325 735 389 GESTA
759 277 1012 422 Lucumone.
1044 377 1047 389 .
1208 333 1249 402 43

144 479 273 552 aiebas»,
285 488 318 542 te
333 500 372 542 es
390 481 441 544 illo
457 493 560 542 natam
578 482 633 542 tibi
655 481 816 552 vindicare,
836 501 895 542 non
916 491 964 543 est
982 499 1109 559 aquom.
1144 479 1196 542 Sin
1214 489 1248 552 ut

147 568 228 644 bello
237 581 367 652 captam,
375 573 444 652 jure
464 583 493 633 te
512 573 621 636 babere
633 593 748 645 cenam,
769 573 913 652 siquidem
933 573 1012 634 bello
1030 571 1171 635 adversus
1192 591 1245 644 nos

147 659 274 740 ge'stoai
287 665 416 745 cepisses
427 667 538 736 orbern,
551 666 615 726 eine
629 665 828 726 connoversia
840 675 1047 746 tenereseem,
1060 663 1168 742 quippe
1177 664 1245 742 jure

145 755 215 814 belli
235 767 367 835 partam:
381 757 445 817 =sed
458 757 483 816 si
503 757 714 838 Amphipolitis
731 757 835 816 urbem
855 754 1076 818 Atheniensium
1096 753 1257 835 eripuisti,-

145 866 206 907 non
223 868 261 909 ea
273 870 342 927 quae
354 849 470 910 illorum
484 850 612 922 luerunt,
625 850 728 921 habes,
742 848 795 908 sed
809 849 955 926 regionem
971 848 1203 910 Atheniensium.
1231 911 1236 922 ,

188 941 236 1000 15.
259 941 315 1025 ¹His
328 951 360 1001 et
380 942 447 1001 eliis
457 943 639 1002 orationibus
652 940 772 1010 habitis,
786 939 942 1018 legationis
956 939 1033 1003 vices
1048 939 1111 1019 jam
1130 941 1242 1014 Demo,

144 1030 256 1106 rthems
280 1043 383 1094 erant:
415 1043 505 1112 atque
528 1052 633 1092 omnes
654 1030 760 1092 intenti
785 1049 837 1092 ora
863 1032 1015 1101 tenebant,
1042 1039 1076 1090 ut
1102 1031 1241 1102 invictam

142 1124 315 1185 excellentis
338 1125 515 1204 eloquentia
540 1125 598 1184 rim
622 1123 760 1184 audituri.
796 1122 872 1182 Nam
896 1122 1005 1200 stipsi
1030 1121 1241 1202 Philippo-ut

139 1229 210 1294 post
222 1217 326 1276 audire
336 1216 471 1286 licuit-,
484 1225 516 1276 et
529 1215 631 1275 amicis
642 1213 708 1294 ejus
721 1215 879 1274 enunciata
893 1215 988 1274 suerat
998 1213 1240 1293 pollicitationum
1333 1286 1341 1303 ἱ

140 1306 205 1385 ejus
222 1307 403 1386 magnitudo.
437 1307 486 1366 Sic
506 1317 604 1367 autem
629 1305 743 1367 affectis
767 1306 900 1367 omnibus
925 1305 963 1364 ad
985 1308 1239 1380 auscultationem,

139 1408 229 1460 sonat
241 1400 339 1458 bellue
350 1399 409 1460 ista
421 1399 574 1459 exordium
595 1399 821 1466 tenebricosum,
835 1408 937 1477 etprae
957 1409 1037 1476 metu
1053 1400 1194 1471 exanime,
1209 1411 1240 1460 at
1305 1453 1308 1460 .

138 1509 205 1550 cum
219 1491 249 1550 in
263 1511 359 1550 rerum
368 1493 642 1553 commemoratione
651 1492 772 1571 paulurn
783 1491 986 1570 processis-set,
996 1489 1092 1549 subito
1105 1491 1238 1564 obticuit,
1325 1519 1329 1526 ·

138 1583 226 1662 inope
240 1584 375 1644 consilii:
396 1584 515 1644 tandem
528 1585 640 1644 excidit
653 1584 793 1645 oratione.
821 1583 974 1662 Philippus
994 1592 1090 1641 autern
1105 1601 1172 1642 cum
1194 1583 1237 1643 vi-

139 1674 245 1744 disset,
260 1685 295 1734 ut
306 1675 431 1734 affectus
441 1687 534 1748 esset,
547 1697 613 1736 euru
624 1686 656 1735 et
668 1677 746 1734 bono
761 1673 859 1734 animo
875 1694 941 1734 esse
958 1673 1058 1752 jussit,
1071 1685 1101 1734 et
1114 1693 1171 1734 non
1185 1695 1236 1734 en·

138 1766 278 1840 intimare,
298 1767 374 1826 utin
397 1768 529 1838 theatris,
544 1769 587 1826 sic
605 1767 660 1830 eibi
674 1777 827 1846 propterea
849 1766 917 1826 mali
940 1766 1050 1844 aliquid
1071 1766 1235 1838 accidissea

138 1859 194 1918 sed
202 1878 255 1938 per
268 1860 361 1920 otium
371 1879 408 1920 ac
421 1859 561 1937 paulatim
575 1858 670 1921 redire
680 1858 710 1918 in
729 1857 909 1930 memoriam,
923 1867 954 1918 et
965 1877 1018 1936 pro
1032 1877 1087 1920 suo
1101 1858 1234 1920 instituto

136 1952 228 2012 rerba
239 1950 348 2012 iacere.
374 1952 415 2010 At
428 1953 485 2012 iste
499 1963 532 2010 ut
544 1950 636 2012 mmai
649 1951 747 2021 fumat
760 1951 964 2020 conturbatus,
979 1961 1009 2010 et
1024 1969 1041 2010 a
1055 1952 1168 2031 scriptis
1181 1954 1235 2016 ab·

136 2053 257 2116 errarat,
280 2044 319 2103 ad
334 2064 398 2104 sese
417 2043 513 2104 redire
526 2061 588 2106 uon
600 2044 706 2123 potuit,
719 2043 772 2103 sed
789 2053 822 2102 et
845 2062 943 2103 rursus
963 2042 1060 2104 dicere
1082 2063 1233 2122 aggresso,

135 2135 215 2194 idem
229 2135 348 2196 accidit.

129 2263 135 2270 ·
179 2217 231 2286 16.'
249 2227 291 2287 Ut
303 2239 400 2288 autem
414 2227 562 2289 silentium
576 2241 651 2304 erat,
664 2231 802 2290 secedere
816 2251 870 2292 nos
885 2250 982 2311 praeco
991 2232 1089 2307 jussit
1112 2233 1232 2296 Deinde

133 2337 202 2379 cum
220 2339 275 2379 nos
297 2319 389 2396 legati
410 2321 466 2381 soli
486 2341 626 2395 essemus,
643 2323 739 2382 bonus
761 2323 817 2382 iste
839 2323 1055 2394 Demosthenes
1075 2323 1157 2389 vultu
1178 2324 1231 2388 ad·

80 2456 84 2462 .
133 2411 254 2471 modurn
275 2412 388 2482 tetrico,
408 2413 572 2492 perdidisse
589 2432 637 2473 me
656 2415 758 2472 urbem
779 2426 810 2478 et
827 2413 930 2476 socios,
944 2415 1050 2474 aiebat.
1091 2414 1232 2487 Perculso

133 2513 231 2564 autern
250 2523 310 2563 non
322 2523 370 2564 me
383 2513 510 2577 tantum,
529 2505 583 2564 sed
603 2515 634 2564 et
646 2505 751 2564 ceteris
770 2505 876 2584 legalis
896 2507 1043 2577 omnibus,
1056 2527 1091 2566 ec
1109 2501 1229 2572 causent

134 2596 365 2666 sciscitantibus,
389 2614 442 2654 cur
473 2595 502 2652 id
527 2595 660 2668 dixisset,
690 2613 738 2669 me
767 2599 962 2674 rogabatur
987 2598 1095 2659 oblitus
1122 2619 1228 2668 essem.
1286 2661 1289 2668 ,

131 2696 168 2748 ut
189 2706 223 2747 se
241 2705 289 2746 res
310 2685 435 2746 Athenis
454 2683 607 2758 haberent,
630 2697 663 2746 et
685 2700 719 2746 ut
739 2689 866 2766 populus
884 2699 964 2748 esset
987 2689 1175 2766 defatigatus,
1198 2703 1229 2752 et

129 2789 314 2857 quantopere
326 2795 429 2856 pacem
447 2787 609 2856 expeteret,
625 2798 686 2840 non
706 2777 913 2841 meminissem.
950 2781 999 2839 An
1013 2799 1082 2841 uero
1104 2782 1228 2854 animos,

128 2871 236 2950 inquit,
249 2869 303 2930 tibi
316 2869 431 2928 iaciunt
444 2889 464 2928 r.
486 2869 626 2940 triremes,
645 2871 772 2930 decretas
787 2871 844 2930 illae
866 2871 996 2950 quidem,
1010 2871 1063 2933 aad
1076 2891 1226 2952 nunquam

129 2959 338 3043 complenda?
359 2960 409 3018 Sic
420 2961 497 3020 enim
511 2960 629 3022 irritasti
642 2953 821 3041 Philippum,
835 2973 866 3022 et
877 2983 913 3022 ea
925 2962 1020 3022 fecisti
1035 2965 1133 3036 rerba,
1147 2957 1227 3028 unde

128 3077 190 3118 non
199 3055 309 3116 bellum
319 3053 349 3114 in
359 3073 464 3133 pacem
475 3064 614 3128 mutetur,
627 3055 681 3116 sed
694 3076 752 3135 pax
763 3057 793 3116 in
803 3055 913 3117 bellum
926 3055 1154 3122 infestissimum.
1178 3057 1227 3121 ln·

128 3150 255 3230 cipiente
269 3157 366 3206 autem
379 3165 427 3207 me
441 3147 506 3206 haec
525 3147 663 3219 refutare,
676 3149 869 3208 accensebant
881 3167 935 3208 noe
951 3147 1072 3214 ministri
1086 3147 1225 3230 Philippi.

130 3243 173 3302 Ut
189 3240 333 3309 uenimus,
346 3249 377 3298 et
389 3238 487 3308 denuo
501 3240 700 3311 consedimus,
714 3239 869 3320 Philippus
882 3241 920 3302 ad
936 3239 1052 3318 singule
1065 3261 1132 3318 quse
1144 3243 1226 3308 dicta
1300 3242 1306 3252 '

127 3335 256 3405 fueraut,
268 3331 444 3410 respondere
458 3330 565 3409 aliquid
579 3335 713 3408 parabat,
726 3353 822 3412 neque
836 3351 905 3394 vero
918 3333 1022 3392 mirum
1034 3334 1098 3405 luit,
1112 3353 1178 3394 euru
1193 3336 1224 3400 in

127 3445 196 3488 rnen
221 3423 352 3484 oratione
370 3421 530 3484 diutissime
552 3422 645 3482 luisse
662 3423 1030 3496 immoratum-fortassis
1052 3425 1129 3484 enim
1151 3427 1224 3492 nihil

127 3517 209 3598 quod
221 3515 281 3576 dici
293 3525 418 3594 poterat,
432 3525 467 3574 ut
476 3515 609 3586 arbitror,
622 3516 914 3594 praetermiseram-,
925 3526 955 3578 et
964 3535 1043 3593 saepe
1051 3517 1222 3582 nominatim

128 3631 177 3672 me
188 3606 385 3688 compellarit,
400 3617 505 3668 contm
518 3607 748 3668 Demosthenem
761 3618 871 3678 autem,
884 3607 935 3686 qui
949 3617 1008 3668 tem
1026 3606 1147 3668 ridicule
1161 3609 1223 3676 dn.
1273 3631 1278 3698 j

126 3712 266 3772 cesserat,
279 3721 319 3760 ue
331 3701 393 3760 ulla
407 3699 524 3778 quidem
546 3699 584 3759 de
598 3719 630 3760 re
643 3699 781 3761 disseruit
793 3699 915 3760 scilicet.
952 3699 1027 3766 Quoe
1046 3718 1159 3765 summa
1174 3701 1223 3764 isti
1268 3697 1272 3702 ’

126 3813 199 3856 crux
211 3806 242 3854 et
255 3787 392 3853 mblestia
404 3791 469 3852 luit.
504 3791 548 3851 Ut
561 3802 659 3853 autem
674 3790 800 3870 Philippi
821 3790 913 3850 oratio
934 3790 1051 3850 tandem
1066 3790 1096 3850 in
1110 3791 1167 3854 fine
1182 3795 1220 3860 sd
1277 3810 1279 3816 ·

124 3885 337 3948 humanitatem
351 3900 494 3944 conversa
514 3893 571 3953 est,
584 3893 615 3942 et
633 3882 689 3943 iste
708 3882 896 3951 calumniam,
916 3901 975 3960 que
984 3901 1033 3942 me
1047 3883 1126 3960 prius
1140 3887 1221 3964 apud

124 3977 255 4057 collegas
268 3985 413 4044 onerarat,
427 3975 512 4054 quasi
525 3973 595 4034 belli
614 3985 647 4034 et
658 3974 773 4035 dissidii
786 3983 889 4034 auctor
901 3974 1016 4034 iuturus
1029 3991 1136 4045 essem,
1148 3978 1220 4042 ami

52 4063 56 4068 ⁵
124 4081 213 4142 seret,
225 4068 266 4146 ibi
279 4087 348 4127 vero
361 4068 431 4127 satis
446 4069 616 4146 apparebat,
630 4086 696 4127 eum
710 4085 765 4126 nec
780 4065 868 4144 animi
877 4065 940 4145 jam
954 4085 1018 4126 esse
1032 4078 1218 4146 competente

124 4163 199 4224 adeo
212 4172 246 4220 ut
259 4159 299 4219 ad
307 4159 465 4238 hospitium
476 4158 560 4220 nobis
571 4158 709 4229 invitatis,
719 4157 903 4236 ineptissime
918 4177 949 4218 se
960 4169 1083 4237 gereret.
1164 4235 1167 4246 .

168 4256 215 4313 17.
237 4254 314 4312 Cum
328 4262 425 4312 autem
439 4272 457 4310 a
469 4251 615 4330 legatione
624 4251 687 4329 jam
703 4269 758 4310 nos
773 4250 810 4310 ad
831 4251 954 4310 reditum
967 4269 1146 4330 pararemus,
1167 4273 1218 4313 eu·

123 4350 185 4408 bito
198 4346 228 4405 in
246 4345 359 4416 itinere,
371 4354 476 4423 praeter
493 4343 658 4423 opinionem
676 4353 817 4414 nostram,
835 4341 1000 4402 humaniter
1013 4361 1079 4403 cunr
1094 4344 1219 4424 siugulis
1317 4415 1321 4422 ¹

122 4438 354 4516 colloquebatur.
375 4433 455 4502 Quid
466 4435 553 4515 igitur
562 4444 643 4496 esset
653 4435 796 4513 Cercops,
807 4443 859 4496 aut
867 4435 1060 4506 Vertumnus,
1076 4447 1128 4496 aut
1138 4435 1233 4496 Cha·'
