2967 5017
506 326 897 399 contitutionem.
1176 336 1237 395 llb

190 484 237 543 le.
251 483 280 543 A
292 482 459 567 Pbryuiom
471 484 559 565 igitur
571 494 693 551 euentus
705 482 735 545 ib
741 484 897 565 judicium,
906 484 945 546 ob
959 483 1095 548 Neueeenr
1107 488 1139 547 iu
1150 486 1238 549 liber·

144 582 237 636 tetum
257 584 409 651 usnemun,
421 587 453 638 et
464 580 502 638 ob
521 596 567 651 ee,
577 596 643 657 qum
663 578 721 639 ista
744 577 835 639 domo
850 578 914 659 ejus
927 598 1046 659 egressu
1059 579 1238 655 ebetulisset,

144 680 280 748 exceptu,
296 670 462 733 convocetis
475 670 517 731 eie
533 668 687 731 familiares
705 690 886 749 persuasere,
900 675 935 733 ut
948 671 1004 733 eibi
1015 673 1166 733 arbitrium
1186 673 1239 735 de·

143 762 264 823 lbrrent.
322 764 370 822 Ac
394 782 448 843 pro
470 762 637 843 Phrynioue
664 762 741 821 sedit
762 763 1016 844 arbiter-Satyrus
1038 764 1239 843 Alopecensis,

143 852 234 914 frater
247 853 470 929 Lecedaemouii,
482 874 535 935 pro
547 854 698 934 Stephano
713 854 830 915 Subrius
839 854 1021 935 lampreueis
1032 876 1040 915 :
1053 874 1239 919 communem

143 954 246 1007 sutem
262 945 317 1007 elui
333 946 503 1009 udsoiscunt
515 948 704 1027 Diogitonem
716 947 945 1009 Athamentem.
989 948 1029 1007 Hi
1043 950 1195 1028 congressi
1207 951 1239 1010 in

142 1038 268 1117 templo,
281 1040 380 1101 auditu
397 1062 429 1102 re
446 1061 484 1102 er
502 1051 628 1122 utroque
643 1048 674 1102 et
695 1060 732 1101 ex
746 1040 813 1119 ipsa
829 1040 960 1115 muliere,
975 1042 1151 1101 sententium
1164 1043 1240 1103 tule-
1255 1056 1266 1072 ⁰

141 1138 225 1211 runt,
239 1152 361 1213 musque
383 1134 426 1195 illi
445 1146 538 1197 retem
557 1135 737 1197 babuerunt:
759 1135 910 1196 mulierem
926 1154 991 1196 esse
1005 1136 1137 1206 liberem,
1150 1148 1182 1197 et
1194 1135 1240 1195 sui

136 1218 227 1302 juris.
268 1226 343 1295 Ques
360 1246 440 1289 rero‘
455 1246 475 1286 e
496 1226 663 1307 Phryuione
686 1234 805 1309 egresse
824 1246 925 1289 secum
947 1226 1112 1302 extulisset,
1134 1239 1240 1308 praeter

141 1326 267 1391 vestem,
280 1332 393 1392 nurum,
407 1330 438 1379 et
460 1318 593 1393 uncilles,
607 1340 675 1400 que
689 1320 803 1381 mulieri
826 1330 925 1401 emptu
947 1330 1058 1393 essent,
1081 1320 1240 1402 Phrynioni

141 1410 297 1471 medenda
309 1432 375 1473 esee
387 1414 502 1473 omniu:
523 1414 638 1493 copiam
652 1434 721 1477 vero
734 1414 780 1475 sui
792 1414 890 1477 lacere
903 1406 1011 1474 debere
1024 1414 1139 1493 utrique
1153 1414 1240 1475 ulter*

139 1502 190 1561 arie
212 1503 333 1565 diebus:
359 1506 405 1565 ein
418 1506 501 1566 aliter
519 1506 593 1567 inter
614 1528 665 1568 eos
685 1509 863 1581 conveniret,
875 1506 908 1568 id
921 1526 1039 1587 quoque
1059 1515 1154 1565 retunt
1173 1525 1240 1569 esee

140 1608 296 1675 oportere:
324 1598 434 1659 rictum
459 1610 557 1691 eutem
570 1601 684 1660 mulieri
707 1603 745 1663 sb
768 1621 805 1662 eo
828 1600 1085 1680 suppeditandum,
1103 1599 1153 1677 qni
1174 1619 1240 1661 eam

136 1700 260 1766 quoque
272 1698 404 1769 tempore
417 1690 554 1751 heberet:
577 1712 611 1753 ac
625 1692 662 1751 de
684 1702 783 1753 cetero
799 1695 876 1753 inter
887 1712 920 1753 ee
933 1690 1090 1752 amicitiem
1102 1690 1147 1749 uti
1159 1691 1239 1752 cole·

140 1789 221 1853 rent,
233 1779 349 1860 abjecte
361 1782 501 1844 memorie
514 1783 691 1863 injuriarum.
731 1785 861 1844 Decreta
871 1783 960 1863 igitur
972 1784 1010 1842 eb
1019 1781 1133 1842 arbitris
1144 1781 1239 1865 Pbry-

138 1869 224 1931 trioni
238 1882 269 1932 et
282 1872 432 1953 Stephano
446 1875 483 1936 de
493 1876 600 1936 Neaeru
612 1878 669 1937 ista
682 1875 889 1947 reconciliatio,
903 1875 969 1935 huc
981 1883 1037 1935 est.
1071 1874 1154 1945 -Quoe
1170 1894 1239 1937 rere

139 1978 161 2022 e
174 1980 223 2023 me
236 1962 295 2025 dici
307 1966 351 2024 uti
369 1976 494 2041 constet,
508 1969 613 2028 borum
633 1970 714 2029 robis
730 1968 928 2029 testimouium
940 1966 1116 2028 recitabitur.
1156 1968 1240 2031 Voca

138 2056 214 2117 mihi
237 2058 375 2139 Satyrum
398 2060 624 2141 Alopeceneem,
653 2062 786 2124 Subrium
805 2062 1027 2143 Lampreneem,
1046 2060 1238 2142 Diogitonem

139 2148 373 2213 Athamentem.

537 2304 843 2368 TEST1MON1UM‚

175 2431 274 2493 Setyrue
282 2430 545 2494 Alopeceneie,bebriee
555 2436 713 2497 bmpreueu.
723 2390 987 2497 Diugltobcberneneie,
994 2442 1132 2484 teetenture
1143 2450 1169 2484 ee
1177 2434 1240 2485 erbi-

137 2508 185 2559 ln'e
195 2509 359 2557 neoneilietne
368 2525 420 2558 eree
430 2511 573 2573 Stepbennnr
584 2518 608 2557 et
621 2512 778 2573 Phrynioneur
789 2512 820 2561 de
828 2512 913 2589 anre
923 2528 985 2561 nune
996 2526 1039 2560 ree
1051 2512 1187 2575 litigenteet
1202 2528 1240 2561 re·

137 2585 310 2659 oonuilietionie
319 2592 397 2661 eutem
409 2602 448 2635 ees
459 2588 530 2638 lulme
541 2588 686 2635 conditiones
698 2604 757 2651 ques
767 2588 876 2637 exbibest
887 2589 1051 2651 Apollodorus.

515 2761 863 2823 RECONCILIATIO.

171 2890 220 2941 nte
234 2889 406 2941 eondib'unibne
420 2892 598 2941 reconciliarent
613 2893 768 2955 Fbrpniorrem
782 2900 806 2940 et
817 2892 971 2954 Stepbenurn,
983 2890 1066 2939 Neaere
1076 2900 1173 2951 uterque
1185 2889 1240 2937 toti·

135 2970 192 3021 (lem
201 2970 254 3019 diee
262 2968 349 3019 meneie
360 2975 438 3019 autur
445 2977 515 3032 etque
527 2970 589 3031 epud
598 2985 625 3017 ee
635 2970 729 3028 lrebset,
739 2970 786 3017 nisi
796 2970 855 3017 elter
866 2968 933 3017 elteri
945 2966 1008 3015 eliud
1019 2966 1176 3014 concesserit.

139 3110 184 3171 Ut
197 3119 296 3170 autem
316 3109 391 3170 inter
405 3129 455 3170 eos
471 3098 658 3180 convenerat,
675 3106 725 3187 qui
738 3109 853 3189 utrique
866 3108 897 3168 in
911 3108 1028 3168 arbitrio
1042 3102 1195 3177 affuerant,
1209 3114 1241 3165 et

138 3200 350 3275 controversia,
366 3203 442 3263 sicut
463 3202 522 3263 l'ere
545 3202 621 3262 solet
640 3202 702 3262 lieri
723 3211 877 3281 perpetuo,
899 3200 1060 3281 presertim
1075 3218 1143 3260 curn
1161 3198 1239 3259 inter

138 3314 192 3355 ece
205 3294 243 3355 de
258 3292 511 3375 ecorto‘ageretur,
522 3294 561 3355 ed
574 3312 688 3355 coenum
702 3294 815 3354 iterunt
825 3296 864 3355 ad
876 3303 1033 3372 utrumque
1047 3300 1237 3365 eorum,cum

138 3388 277 3448 Neaeram
299 3388 456 3450 heberent:
481 3390 547 3469 ipse
564 3398 595 3449 et
608 3398 804 3449 concoenante
823 3398 854 3448 et
878 3397 1075 3469 computante,
1097 3384 1237 3467 tan‘quam

137 3480 301 3542 meretrice.
344 3482 419 3550 Qum
433 3500 500 3543 vere
515 3482 533 3543 u
551 3502 600 3543 me
620 3480 677 3541 dici
701 3492 735 3540 ut
758 3487 886 3557 constet,
899 3500 974 3541 roca
985 3480 1057 3540 mibi
1076 3490 1167 3539 testes
1187 3478 1236 3557 qni

139 3592 200 3635 una
220 3570 377 3649 e'ffuerunt,
391 3575 538 3637 Eubulum
552 3575 758 3648 Probelieiuru,
772 3574 941 3655 Diopithem
956 3573 1151 3644 Melitensem,
1166 3573 1237 3631 Cte-

137 3686 268 3730 eoneme
283 3668 422 3730 Gmamis.

528 3806 835 3871 TESTIMONIUM.

170 3938 278 3987 Eubulus
288 3938 440 3997 Probelieine,
450 3938 574 4001 Diopitbee
585 3938 726 3999 Meliteuele,
738 3942 810 3997 cteep
827 3956 840 3989 e
858 3937 972 3995 Curensis,
981 3942 1103 3992 testentur,
1114 3940 1237 3997 pcetqueer

138 4016 242 4079 l’lrrpnio
251 4022 276 4065 el
286 4017 415 4078 Stephanus
425 4018 455 4065 de
464 4018 548 4065 Neam
556 4018 580 4065 in
591 4017 686 4079 gretiam
697 4017 818 4075 redierint,
826 4032 889 4079 serpe
899 4028 1080 4064 aeconooeneeee
1090 4014 1135 4070 eie,
1143 4019 1168 4061 et
1175 4026 1238 4061 com·

138 4102 231 4157 potesse
242 4110 295 4145 oum
301 4096 386 4145 Neere
393 4109 454 4144 nune
462 4110 510 4153 ree,
517 4102 564 4143 tem
574 4110 626 4144 curn
634 4097 695 4158 epnd
702 4098 845 4160 Stepbeuam
857 4102 920 4144 eeeet
930 4095 1022 4149 Neoere,
1033 4107 1101 4154 quem
1109 4106 1162 4139 oum
1173 4091 1236 4154 epnd

137 4172 303 4237 Plrrpnionem.

180 4290 228 4348 15.
250 4286 326 4347 Eam
339 4286 428 4367 igitur
443 4288 479 4349 sb
493 4286 575 4348 initio
594 4287 685 4349 luisse
700 4308 825 4362 servum,
838 4297 868 4348 et
881 4270 1099 4359 venditem'bis,
1112 4290 1143 4345 et
1153 4304 1235 4363 quse·

139 4391 216 4443 atum
229 4380 336 4443 iecisse
350 4388 481 4461 ¹corpore,
497 4394 530 4442 nt
542 4382 733 4456 meretricem,
739 4393 779 4472 gt
793 4402 813 4443 a
825 4379 993 4461 Phrynioue
1011 4379 1137 4459 Megure
1150 4378 1235 4463 eulu-
