2967 5017
265 337 306 395 so
496 299 559 396 ns‘
573 333 691 397 uass
711 319 850 396 ersrn
873 327 1125 396 rueramus.

729 623 899 685 LITERAE.

267 779 394 850 Auditis,
409 776 615 850 Athenienses,
625 795 685 838 una
697 777 785 838 etiam
797 789 929 858 tempora
942 777 1056 840 recitari
1070 795 1108 838 ex
1119 776 1375 860 publicis‘rnonw

268 871 385 951 mentis,
398 879 487 930 testes
499 889 617 949 quoque
628 870 749 945 dixisse,
762 870 932 950 prinsquam
946 891 1002 951 ego
1015 871 1130 949 legatus
1144 889 1269 940 crearer,
1287 869 1378 930 Phn-

266 962 383 1031 loecum‚
402 960 597 1037 Phocensium
617 975 786 1041 tyrannum,
810 963 895 1023 nobis
915 973 947 1022 et
974 961 1203 1023 Lacedaemoniis
1227 960 1376 1032 diffisum,

268 1054 405 1134 Philippo
418 1055 588 1115 credidisse.
610 1055 751 1133 Nunquid
765 1075 833 1114 vero
843 1055 898 1115 iste
910 1056 1000 1128 solus,
1011 1055 1082 1134 quid
1092 1063 1264 1115 eventurum
1277 1063 1376 1126 esset,

268 1145 445 1226 ignorabat?
465 1145 529 1204 lmo
542 1165 595 1205 ros
611 1145 669 1225 ipsi
691 1145 809 1225 publice
829 1145 976 1224 quomodo
998 1144 1096 1204 affecti
1117 1143 1234 1204 linistis?
1257 1143 1375 1204 Nonne
1469 1215 1470 1226 χ

269 1257 370 1297 omnen
397 1236 622 1316 exspectabatis,
650 1237 722 1309 lore,
749 1248 783 1297 ut
809 1237 963 1318 Philippus
989 1235 1144 1296 'Ihebanos
1182 1237 1377 1314 opprimeret,
1469 1227 1470 1236 ¹

268 1331 377 1409 quippe
388 1347 510 1408 quorum
521 1339 551 1388 et
565 1327 716 1388 audaciam
727 1327 850 1402 rideret,
864 1340 895 1388 et
907 1328 1083 1408 perfidorum
1096 1327 1248 1386 hominum
1262 1340 1376 1406 poten-

268 1410 339 1480 tiam
360 1421 461 1498 augeri
474 1420 588 1479 nollet?
611 1420 716 1478 Nonne
730 1420 948 1480 lacedemonii
965 1419 1055 1498 legati
1077 1437 1137 1478 una
1158 1439 1226 1478 curn
1244 1419 1374 1494 'restria
1469 1481 1470 1490 ,

269 1511 420 1571 Thebanis
434 1513 663 1591 refragabantur,
684 1531 719 1570 ac
732 1511 854 1570 tandem
868 1523 968 1590 aperto
984 1511 1052 1571 odio
1071 1531 1121 1571 eos
1138 1511 1168 1569 in
1188 1511 1374 1573 Macedonia
1469 1505 1470 1566 j

268 1603 462 1679 incessebant,
475 1616 506 1665 et
514 1603 620 1685 legatis
630 1604 746 1664 illorum
761 1603 985 1664 minitabantur?
1006 1603 1113 1665 Nonne
1124 1623 1192 1664 vero
1205 1603 1263 1684 ipsi
1275 1617 1373 1664 sestu-

268 1702 369 1771 abant,
379 1708 410 1758 et
421 1698 458 1758 de
469 1717 535 1758 sese
546 1698 754 1776 pertimuerant
761 1695 853 1774 legati
866 1695 1087 1756 Thebanorum?
1109 1695 1217 1756 Nonne
1231 1695 1373 1758 'l'hessali
1469 1713 1470 1726 ¹

268 1803 385 1853 ceteros
403 1791 585 1862 deridebant,
611 1800 642 1851 et
664 1808 719 1850 sna
741 1809 831 1850 causa
855 1787 934 1850 illam
962 1789 1173 1870 expeditionem
1199 1799 1372 1868 susceptam
1469 1863 1470 1868 ἵ

268 1903 336 1944 esse
350 1883 526 1963 jactabant?
548 1882 655 1976 Nonne
668 1901 739 1942 vero
757 1883 874 1960 quidam
889 1883 1047 1942 amicorum
1068 1881 1194 1962 Philippi
1211 1892 1315 1961 aperte
1329 1881 1371 1942 ari

266 1984 396 2037 restrum
406 1974 549 2054 quosdam
563 1975 712 2046 dicebant,
721 1971 889 2054 Philippum
901 1973 1029 2034 Boeotias
1041 1975 1126 2032 urbes
1137 1967 1372 2034 instauraturum

268 2067 356 2128 esse?
377 2066 483 2130 Nonne
498 2066 635 2126 Thebani
654 2083 756 2126 omnes
777 2085 845 2126 suas
866 2061 966 2145 copias
987 2064 1159 2136 eduxerunt,
1174 2064 1263 2125 diffisi
1279 2067 1371 2126 rebus

268 2154 351 2219 suis?
371 2154 480 2217 Nonne
502 2157 656 2238 Philippus
673 2177 709 2218 en
729 2177 798 2240 cum
815 2158 937 2228 videret,
958 2175 1010 2216 vos
1027 2177 1080 2235 per
1099 2157 1198 2218 literas
1216 2177 1286 2218 curn
1305 2177 1369 2218 orn-
1469 2213 1470 2230 ,

267 2249 354 2310 nibus
368 2250 461 2329 copiis
470 2249 552 2309 'exire
566 2249 700 2328 jubebat,
721 2268 774 2328 pro
789 2249 936 2328 equitatis
955 2245 1147 2308 defensioue?
1176 2249 1285 2309 Nonne
1299 2265 1371 2310 vero

266 2342 401 2403 bellicosi
415 2341 474 2411 isti,
488 2340 538 2418 qui
551 2359 653 2417 pacem
668 2340 814 2414 ignaviam
822 2349 944 2410 vocant,
958 2356 1010 2397 vos
1021 2339 1240 2417 prohibnenmt,
1255 2359 1293 2399 ne
1306 2343 1369 2400 exi-

267 2433 348 2501 retis,
363 2432 443 2510 quod
463 2449 497 2488 se
510 2427 602 2488 vereri
617 2427 758 2498 dicerent,
774 2447 897 2514 nepaes
911 2439 942 2488 et
959 2429 1099 2490 societate
1112 2429 1200 2500 iacta,
1214 2429 1369 2511 Pbssippns

269 2517 630 2606 milites‘restrosobsides
644 2517 783 2597 caperet?
1371 2595 1376 2599 η

309 2615 361 2671 42.
382 2610 488 2672 Utrum
509 2611 597 2689 igitur
615 2627 671 2688 ego
684 2608 819 2689 prohibui
842 2611 967 2692 majores
985 2614 1101 2686 imitari,
1121 2631 1159 2673 an
1172 2623 1215 2686 tu,
1228 2623 1259 2674 et
1276 2615 1297 2676 ii
1318 2621 1370 2697 qni

266 2716 365 2766 tecum
387 2714 490 2765 contra
520 2701 728 2782 rempublicam
756 2701 982 2780 conspirarunt?
1014 2705 1089 2766 Utra
1111 2725 1197 2784 porro
1215 2709 1369 2785 expeditio

266 2798 357 2858 tutior
375 2796 441 2867 luit,
464 2805 495 2856 et
516 2793 667 2855 honestior
693 2790 944 2856 Atheniensibus?
966 2799 1057 2870 Esne,
1077 2817 1144 2856 cnm
1166 2795 1367 2861 Phocensinm

253 2885 348 2950 'furor
365 2889 472 2948 uiribus
492 2886 591 2947 adhuc
604 2895 837 2948 sustentaretur:
858 2905 926 2948 cum
944 2889 1080 2968 Philippo
1099 2890 1279 2963 resisterent,
1299 2911 1367 2953 cnm

266 2979 416 3060 Alponum
430 2990 461 3040 et
469 2969 603 3039 Nicaeam
612 2990 756 3052 tenerent,
771 2999 827 3040 nec
841 2980 912 3040 dum
927 3000 963 3042 ea
974 2979 1043 3040 loca
1056 2979 1206 3061 Philippus
1221 2980 1367 3044 Macedn-

267 3073 353 3156 nibu's
367 3071 553 3133 tradidisset:
574 3090 642 3130 cum
660 3071 767 3145 foedus,
781 3089 819 3130 ex
839 3091 898 3152 quo
914 3073 958 3132 eis
982 3072 1130 3152 suppetias
1153 3074 1219 3132 ituri
1240 3094 1369 3150 eramus,

265 3174 355 3240 atque
368 3182 477 3222 arcana
495 3181 579 3222 sacra
591 3161 813 3239 repudiassent:
836 3183 902 3222 cum
917 3163 1075 3222 Thebanos
1090 3183 1109 3222 a
1127 3175 1211 3243 tergo
1232 3165 1368 3245 reliquis-

266 3271 383 3311 semus:
404 3271 471 3311 cum
485 3272 503 3311 a
517 3251 653 3330 Philippo
664 3271 888 3324 accerseremur,
896 3255 1084 3334 jurejurando
1098 3267 1129 3316 et
1143 3255 1284 3317 societate
1297 3261 1366 3317 curn

265 3361 301 3403 eo
314 3342 399 3402 nobis
413 3341 633 3402 intercedente:
655 3364 721 3404 cum
734 3345 868 3406 Thessali
888 3357 918 3407 et
935 3347 1024 3407 ceteri
1042 3348 1271 3430 Amphictyones
1289 3349 1368 3408 mili-

265 3433 383 3494 tarent?
402 3434 512 3493 Nonne
524 3435 590 3493 baec
603 3439 821 3518 montelongo
835 3438 890 3499 iirit
901 3434 1053 3500 honestior
1063 3439 1122 3512 ills,
1132 3458 1192 3518 qua
1204 3451 1322 3519 propter
1334 3438 1368 3502 et

264 3525 411 3606 ignaviam
432 3539 463 3587 et
475 3525 664 3588 invidentiam
678 3540 760 3590 tunm
778 3531 975 3591 Athenienses
997 3517 1211 3611 suppellectilia
1231 3551 1267 3591 ex
1286 3534 1367 3611 egris

264 3619 295 3678 in
316 3620 416 3679 urbem
442 3629 651 3691 convexerunt,
672 3621 749 3680 cum'
763 3641 819 3702 ego
835 3623 898 3703 jam
918 3623 1033 3683 tertiam
1056 3624 1233 3702 legationem
1254 3623 1367 3686 obirem

264 3710 344 3792 apud
354 3711 510 3771 concilium
522 3711 780 3794 Amphictyonum,
791 3733 880 3793 quam
890 3723 921 3774 tu
937 3733 984 3773 me
996 3713 1121 3774 obirisse
1134 3735 1193 3774 non
1205 3716 1366 3788 delectum,

265 3801 363 3862 dicere
375 3818 436 3861 non
449 3801 586 3862 dubitas:
607 3813 637 3862 et
647 3814 821 3864 tamencum
835 3803 969 3864 inimicus
982 3805 1052 3864 mhi
1066 3806 1117 3876 sis,
1128 3805 1274 3867 hactenus
1287 3827 1366 3868 nun·
1469 3799 1470 3802 ¹

265 3889 355 3974 guam
377 3909 468 3953 ausus
481 3912 513 3954 es
532 3913 579 3954 me
592 3894 675 3954 inisse
694 3896 850 3975 legationis
865 3915 1013 3958 accusare.
1036 3896 1142 3976 Neque
1162 3896 1240 3957 enim
1253 3897 1370 3960 sdlioet

263 3997 313 4050 e'as
326 3985 396 4049 milri
409 3989 533 4048 mulctas
548 3988 669 4063 inrides,
682 4010 749 4070 qum
759 3995 883 4070 corpore
897 3999 967 4052 snnt
976 3990 1102 4050 luendas.

250 4132 254 4136 r
304 4078 355 4139 43.
377 4081 481 4162 ltaque
495 4099 562 4141 cum
577 4081 711 4141 Tbebani
728 4080 905 4160 assiderent,
926 4091 1012 4160 atque
1034 4091 1161 4156 orarent,
1174 4069 1244 4142 cum
1264 4093 1368 4145 nonna

263 4172 334 4230 urbs
341 4182 460 4252 propter
473 4182 502 4233 te
513 4175 687 4250 perturbata
700 4186 790 4246 esset,
805 4195 872 4234 cum
887 4175 1080 4235 Athenienses
1093 4175 1226 4254 legiones
1239 4195 1299 4236 non
1310 4177 1367 4236 ad-

263 4273 374 4336 essent,
392 4283 460 4323 cnm
477 4263 613 4325 Thessali
632 4285 664 4324 se
683 4285 751 4324 cum
765 4265 911 4326 Thebanis
932 4263 1165 4345 conjunxissent,
1185 4277 1368 4346 pmpterre-

262 4363 354 4414 stram
364 4357 568 4432 temeritatem,
580 4366 670 4437 atque
679 4359 779 4419 odium
791 4359 998 4430 Phocensihm,
1009 4361 1091 4438 qnod
1102 4361 1138 4419 ab
1149 4362 1276 4440 antiquis
1285 4367 1365 4422 tem-

262 4443 382 4524 poribus
396 4446 428 4507 in
441 4465 493 4509 eos
505 4451 657 4526 gerebant,
678 4449 758 4528 quod
774 4449 944 4512 Phocenses
963 4469 1064 4512 eorum
1084 4451 1202 4514 obsides
1221 4461 1363 4534 acceptos
