2967 5017
16 77 20 167 Ι

16 262 25 402 ᾗ

267 351 310 410 tc
504 349 562 411 DE
584 347 698 413 Musa
718 349 850 414 GESTA
872 353 1123 416 LEGATIONE.

270 515 369 567 autem
395 526 443 570 me
460 527 530 568 vera
547 509 645 569 dicere
669 517 796 583 constet,
813 529 886 590 cape
906 478 1041 570 decreta}
1064 517 1098 567 nt
1118 507 1241 568 videatis
1265 507 1374 570 incon·

208 640 218 652 -
271 600 408 662 stantiam
433 600 507 680 ejus,
527 611 558 662 et
574 600 796 678 malignitatem,
817 612 848 664 et
863 601 1011 662 actionum
1031 621 1099 660 cum
1124 599 1291 664 Philocrate
1322 623 1375 662 so-

269 690 416 761 cietatem,
429 701 461 750 et
474 710 570 750 mores
585 691 742 753 insidiosos
755 713 790 753 ac
805 693 945 772 perfidos.
977 693 1060 752 Voce
1074 711 1145 772 ergo
1159 691 1229 752 mihi
1243 693 1372 772 legatus,

269 802 428 863 eorumque
447 783 615 844 testimonia
627 783 729 876 recita,
744 795 775 846 et
786 783 905 846 decretu
917 783 1134 846 Demosthenis.

710 958 921 1023 nncnnnn.
1022 920 1026 928 ’

269 1089 374 1171 Neque
387 1110 455 1152 vero
469 1092 533 1152 boec
547 1090 692 1153 duntaxat
705 1094 832 1174 scripsit,
851 1092 904 1152 sed
919 1071 986 1170 post
1002 1089 1089 1149 etiam
1106 1089 1135 1148 ln
1153 1101 1261 1150 senatu
1276 1089 1368 1150 dixit:
1468 1121 1469 1132 ι

264 1185 422 1263 ‘spectandi
436 1185 532 1244 locunt
547 1185 786 1254 Bacchanalibus¹
798 1183 1009 1263 assignandum
1027 1202 1092 1242 esse
1106 1179 1233 1262 Philippi
1249 1180 1370 1263 legatis,
1468 1190 1469 1272 l

269 1278 320 1336 ubi
334 1276 476 1337 veneunt.
496 1275 604 1337 Recita
613 1277 701 1338 etiam
711 1277 770 1338 hoc
785 1276 944 1337 decretum.

508 1455 747 1518 DECRETUM
769 1451 1079 1514 DEMOSTHENIS.

266 1587 372 1648 Recita
385 1587 474 1646 etiarn
486 1585 650 1664 legatorum
665 1583 864 1644 testimonium
878 1592 912 1643 ut
930 1581 1066 1653 videatis,
1082 1579 1289 1652 Athenienses,
1305 1579 1367 1641 De-

264 1681 449 1740 mosthenem
462 1697 521 1738 non
535 1695 624 1755 posse
637 1677 726 1736 serbe
738 1676 835 1736 iacere
849 1695 902 1755 pro
922 1673 1084 1756 republica,
1101 1673 1154 1734 sed
1175 1672 1367 1733 declamitare

258 1781 369 1864 'conus
380 1769 572 1842 convictores,
588 1778 676 1848 utque
691 1767 855 1854 arctissima
868 1767 1087 1828 necessitudine
1101 1765 1265 1827 devinctos.

676 1945 988 2007 TESTIMONIUM.

303 2081 355 2138 22.
375 2078 592 2140 Tractationem
604 2077 694 2157 igitur
706 2075 929 2158 pacificationis,
944 2095 1004 2136 non
1019 2084 1158 2135 meamet
1175 2073 1363 2144 Philocratis,

260 2169 317 2230 sed
343 2169 552 2230 Demosthenis
571 2180 602 2229 et
622 2170 797 2230 Philocratis
820 2169 923 2242 fuisse,
943 2166 1111 2246 reperietis:
1135 2175 1166 2226 et
1189 2177 1364 2246 arguments

263 2282 365 2322 eorum
379 2283 446 2340 quse
459 2263 519 2324 dixi
540 2283 585 2322 me
600 2262 763 2340 fidedigna
776 2281 840 2320 reor
853 2259 1000 2320 attulisse.
1032 2258 1108 2318 Nam
1124 2277 1222 2322 eorum
1237 2277 1305 2336 que
1317 2279 1363 2322 re·

261 2355 487 2425 nunciavinos
502 2354 569 2412 mihi
587 2364 679 2412 testes
700 2355 788 2412 estis:
810 2372 1002 2432 eorumquae
1027 2351 1058 2410 in
1081 2352 1260 2413 Macedonia
1282 2351 1364 2414 dicta

263 2459 343 2517 sunt,
357 2457 447 2524 atque
456 2447 487 2504 in
500 2445 601 2505 itinere
611 2446 695 2505 nobis
709 2445 889 2514 acciderunt,
904 2444 1085 2524 collegarum
1099 2445 1265 2504 testimonio
1280 2447 1362 2506 vobis

263 2535 480 2598 demonstravi:
502 2537 720 2596 accusationem
745 2547 843 2596 autem
867 2537 954 2596 modo
977 2557 995 2596 a
1018 2536 1218 2596 Demosthene
1238 2537 1361 2598 allatam

261 2629 397 2700 audistis,
409 2637 441 2688 et
457 2629 639 2703 meministis,
656 2629 739 2708 cujus
754 2629 866 2688 initium
880 2629 1007 2706 sumpsit
1020 2629 1200 2699 aconcione,
1213 2649 1303 2708 quam
1321 2631 1360 2691 de

136 2786 140 2795 ,
262 2743 336 2804 pace
349 2723 450 2783 habui.
479 2723 557 2782 Gurn
572 2732 671 2782 autem
684 2724 714 2781 in
727 2741 765 2781 ea
778 2731 860 2801 parte
880 2720 1077 2782 accusationis
1096 2721 1253 2782 ementitus
1271 2724 1361 2784 fuerit

261 2817 379 2878 omnia:
400 2817 429 2874 in
443 2835 479 2875 eo
491 2815 616 2875 articulo
630 2815 815 2874 vehementer
828 2827 875 2874 est
891 2822 1080 2891 conquestus.
1112 2813 1157 2874 Eu
1174 2815 1251 2874 eninr
1269 2817 1360 2876 verbs

255 2928 362 2970 ‚coram
376 2907 481 2987 legatis
497 2909 538 2967 ait
550 2927 615 2967 esse
628 2907 717 2980 iacta,
731 2925 805 2985 quos
819 2905 917 2966 Graeci
931 2906 968 2965 ad
982 2925 1035 2966 nos
1050 2905 1208 2977 misissent,
1220 2909 1359 2989 apopnlu

260 3001 406 3072 accersiti,
420 3010 452 3058 ut
470 3000 663 3059 communiter
683 3010 715 3058 et
728 2998 839 3058 bellum
853 3007 990 3076 generent
1006 3009 1109 3058 contra
1131 2999 1309 3080 Philippum,
1331 3003 1358 3062 si

259 3104 342 3154 esset
355 3113 442 3173 opus,
456 3113 525 3152 cum
540 3091 789 3153 Atheniensibus:
809 3103 841 3150 et
858 3091 950 3176 pacis,
965 3093 989 3151 s'i
1004 3093 1035 3152 ld
1049 3093 1186 3171 expedire
1197 3095 1357 3167 videretur,

258 3196 362 3244 essent
382 3184 545 3262 participes.
578 3183 769 3242 Considerate
790 3183 887 3261 igitur,
907 3193 1047 3262 quantam
1071 3205 1132 3243 rem
1157 3185 1245 3247 homo
1267 3188 1356 3247 surri-

259 3275 365 3354 puerit,
376 3285 545 3351 quantaque
555 3275 594 3333 sit
605 3274 797 3354 impudentia,
807 3293 874 3332 narn
885 3294 920 3335 eo
934 3287 1066 3356 tempore
1079 3276 1168 3356 legati
1183 3279 1271 3338 creati
1286 3289 1357 3341 sunt

257 3385 335 3444 quos
347 3364 379 3423 in
389 3364 536 3424 Groeciam
551 3365 721 3444 ablegatis,
734 3387 794 3446 quo
807 3365 917 3426 bellum
931 3369 1014 3428 vobis
1028 3368 1125 3428 adbuc
1139 3389 1206 3429 curu
1219 3370 1354 3452 Philippo

252 3456 474 3518 intercedebat:
496 3475 531 3516 ac
545 3467 688 3535 tempora,
703 3459 809 3537 quibus
819 3459 1066 3538 designabantur,
1079 3469 1109 3520 et
1121 3461 1282 3539 legatorum
1299 3485 1354 3526 no·

258 3547 475 3628 uniusquidem
503 3547 533 3606 in
560 3548 679 3628 publica
700 3551 794 3610 relata
816 3562 886 3612 sunt
906 3552 1106 3611 monimenta:
1130 3569 1230 3612 eorum
1253 3563 1353 3615 autem

255 3646 380 3721 conpara
392 3661 451 3700 non
465 3641 577 3700 suntin
597 3641 785 3714 Macedonia,
800 3644 853 3703 sed
867 3643 1004 3704 Athenis·
1026 3654 1057 3703 et
1069 3652 1190 3703 senatus
1204 3643 1242 3703 de
1256 3645 1352 3708 addu-

253 3734 358 3794 cendis
371 3733 409 3794 ad
424 3733 564 3814 populum
574 3734 735 3814 peregrinis
747 3735 940 3814 legationibus
956 3736 1097 3795 decernit.
1122 3735 1182 3794 late
1192 3746 1289 3798 autem
1301 3738 1353 3814 ait,

256 3827 361 3886 nissae
379 3825 469 3884 inisse
488 3825 677 3886 Graecanicas
698 3826 871 3905 legationes.
907 3827 1001 3907 Igitur
1020 3847 1186 3890 conscensu
1200 3827 1257 3890 boc
1281 3851 1354 3911 sug-

255 3929 352 3996 gesto,
364 3915 593 3988 Demosthenes,
606 3917 676 3977 dum
689 3937 764 3977 meae
784 3932 852 3978 sunt
866 3919 984 3978 dicendi
997 3929 1105 3998 partes,
1121 3919 1251 4000 cujusvis
1266 3919 1352 3983 Grue-

249 4009 366 4071 csnicoe
380 4009 461 4068 urbis
480 4028 586 4068 nomeu
607 4011 714 4088 profer,
735 4030 772 4070 ex
794 4029 853 4088 qua
871 4021 936 4070 tum
955 4009 1070 4089 legatos
1091 4011 1243 4072 advenisse
1265 4014 1352 4088 dicis,

252 4120 415 4179 eamusque
435 4101 720 4174 senatusconsultae
737 4102 820 4161 curia
842 4101 913 4161 dato
927 4101 1061 4180 legenda,
1077 4113 1108 4162 et
1126 4103 1351 4169 Atheniensium

254 4191 369 4269 legatos
382 4192 474 4252 citato
494 4202 598 4263 testes,
616 4212 693 4270 qnos
712 4193 861 4271 ablegavit
877 4193 917 4252 ad
929 4193 1082 4254 civitates:
1103 4194 1153 4272 qui
1172 4215 1205 4254 se
1219 4195 1350 4273 affuisse,

220 4359 227 4370 ,
253 4301 309 4340 nec
329 4301 451 4361 peregre
464 4284 609 4361 profectos
622 4284 715 4344 fuisse
728 4285 876 4344 testificati
890 4285 1016 4346 luerint:
1038 4287 1063 4346 si
1077 4303 1229 4348 accemum
1246 4307 1350 4352 eorum

253 4372 292 4434 ad
305 4383 439 4432 senatum
453 4386 484 4434 et
501 4376 620 4436 decreta
640 4377 819 4451 exhibueris,
840 4377 969 4436 coiecta
989 4387 1129 4456 tempore,
1151 4397 1209 4457 quo
1230 4389 1263 4440 tu
1285 4383 1349 4452 ais:

254 4463 636 4546 descendo,etcapitisipse
643 4459 877 4530 mecondeanao.
901 4468 1172 4549 legeetsociorum
1185 4469 1348 4548 decretum.
