2967 5017
612 334 658 396 ΙΝ
679 323 1015 394 catalaunenses.

689 593 934 692 mmmm.

506 741 561 792 llus
572 740 640 804 prins
650 743 711 791 hanc
721 740 788 792 srhis
799 747 891 804 csptsm
902 739 1012 788 delebitis
1022 751 1107 790 cressa
1192 790 1197 799 ι
1266 709 1273 719 ⁸

505 823 580 882 Quam
592 834 644 867 mss
650 819 735 880 templs
746 818 803 864 mihi
812 817 904 865 ferrens
915 815 985 864 meris
992 815 1063 861 sllnnt
1073 815 1143 867 unda,

507 895 672 955 litonhnsqus
680 893 754 942 saeris
761 898 854 940 resonet
865 891 987 953 Neptunia
998 889 1112 948 Goujuns.

502 1065 827 1128 JUSJURANDUM.
858 1061 1129 1124 EXSECRATIO.

201 1269 204 1274 .
308 1224 359 1281 ts.
377 1220 444 1280 Hac
461 1221 663 1282 exsecratione
683 1220 772 1288 lacta,
786 1219 843 1278 hoc
852 1215 1052 1297 jurejurando,
1073 1217 1130 1276 hoc
1144 1215 1267 1276 oraculo
1285 1217 1373 1288 dato,

265 1329 335 1392 quse
344 1313 444 1372 omnis
456 1312 486 1372 in
496 1313 614 1373 tehulas
627 1312 762 1392 publicas
776 1309 867 1370 relata
880 1309 977 1369 adhuc
989 1317 1116 1382 entant,
1132 1307 1215 1368 Locri
1227 1309 1373 1387 Amphis-

267 1422 383 1477 scnses,
403 1423 439 1464 nc
458 1405 556 1484 potins
575 1423 677 1464 eornm
698 1403 843 1482 principes
868 1401 999 1462 homines
1020 1399 1205 1479 iniquissimi,
1228 1419 1372 1480 campum

267 1495 352 1555 illum
375 1497 578 1568 excoluerunt,
599 1505 715 1575 pomum
740 1513 855 1556 sacrum
876 1505 907 1552 et
931 1492 1104 1554 sceleratum
1128 1511 1229 1552 rursus
1251 1495 1372 1553 munie-

268 1597 339 1648 runt
349 1599 382 1648 et
392 1589 571 1659 habitarunt,
584 1606 621 1646 ac
633 1586 761 1666 portoria
782 1588 820 1646 nh
833 1584 1076 1664 adnavigantibus
1090 1593 1269 1663 exegerunn
1293 1605 1373 1646 non-

267 1678 367 1739 nullos
377 1681 464 1741 etiam
475 1699 514 1742 ex
528 1679 681 1760 Pylaporis
689 1679 741 1756 qui
751 1678 885 1758 Delphos
898 1677 1155 1756 proficiscebantur
1165 1677 1291 1756 pecnnia
1302 1697 1373 1738 cor-

216 1772 220 1781 '
268 1784 421 1850 ruperunt,
431 1791 493 1852 quo
505 1772 625 1852 quidem
638 1772 670 1852 in
683 1790 804 1832 numero
817 1771 873 1830 luit
886 1769 1109 1830 Demosthenes.
1135 1767 1210 1826 Nam
1226 1761 1374 1849 suffragio

268 1873 419 1924 aestuas
436 1866 520 1925 vohis
533 1864 695 1946 Bylagnras
710 1864 790 1924 mille
807 1863 961 1925 drachmas
983 1863 1020 1922 ab
1038 1859 1296 1941 Amphissensihus
1320 1883 1372 1924 ac-

266 1956 358 2034 cepit,
383 1975 421 2017 nc
447 1975 535 2036 quam
557 1975 659 2018 eorum
683 1956 763 2035 apud
789 1954 1022 2034 Amphictyonas
1046 1953 1224 2012 mentionem
1248 1953 1372 2014 faceret.

270 2044 365 2108 Paeto
373 2050 462 2108 etiem
473 2051 650 2129 promissum
663 2057 736 2118 erut,
749 2057 784 2107 ut
797 2049 827 2106 in
839 2057 989 2126 posterum
1003 2046 1106 2124 viginti
1118 2044 1205 2104 minse
1214 2063 1250 2104 ex
1263 2045 1373 2108 devote

269 2135 322 2198 illa
337 2149 367 2198 et
380 2151 534 2201 exsecrata
547 2141 673 2221 pecnnia
686 2139 811 2218 singulis
831 2139 915 2203 annis
937 2139 1073 2198 Athenas
1085 2137 1114 2196 ei
1130 2136 1324 2208 mitterentur,
1338 2151 1372 2198 nt

267 2228 310 2289 ihi
328 2233 409 2292 omni
426 2233 614 2295 contemione
636 2229 897 2312 Amphissensibns
920 2221 1120 2311 opitularetur.
1157 2228 1247 2288 Unde
1273 2231 1370 2309 magis

268 2322 357 2382 &am
371 2343 461 2404 qnam
472 2343 603 2405 unquam
615 2325 689 2385 alias
702 2326 731 2384 ei
746 2325 879 2402 contigit,
893 2331 928 2382 ut
940 2339 1146 2400 quemcunque
1157 2319 1206 2380 vel
1223 2320 1372 2399 privatum

270 2413 320 2474 scl
333 2423 479 2492 potestate
491 2417 649 2494 praeditum
661 2417 710 2474 vel
723 2415 843 2472 liberam
856 2414 1003 2471 civitatem
1017 2414 1183 2490 attingeret,
1197 2431 1299 2472 eorum
1312 2415 1371 2474 sin·

272 2503 359 2582 gulos
370 2505 582 2568 insanabilibus
593 2506 731 2562 arumnis
742 2502 916 2581 implicaret.

313 2597 363 2654 ³0.
383 2595 443 2656 Sed
463 2596 570 2667 ridete,
583 2612 698 2673 quasso,
720 2601 903 2673 quantopere
922 2592 1024 2654 vicerit
1043 2593 1296 2672 Amphissensium
1317 2599 1370 2656 im-

174 2695 178 2702 '
272 2685 411 2766 pietatem
424 2685 555 2747 divinum
576 2703 685 2746 numen
698 2697 730 2744 et
749 2687 876 2746 formas.
909 2685 1062 2747 Archonte
1076 2686 1292 2766 Theophrasto,
1309 2689 1373 2749 hie.

272 2795 460 2840 romoemom
472 2779 625 2856 Diogneto
646 2777 851 2858 Anaphlystio,
864 2795 918 2836 sos
935 2776 1095 2857 Pylngores
1114 2778 1228 2857 legistis
1247 2779 1371 2840 Minium

271 2871 354 2930 illurn
367 2870 608 2951 Anagyrrssium,
627 2889 715 2948 quem
728 2887 786 2948 ego
798 2869 899 2928 multis
911 2869 951 2928 de
963 2871 1061 2930 causis
1073 2870 1161 2930 velim
1176 2889 1254 2930 nunc
1268 2890 1372 2952 snper·

274 2963 385 3034 etitem,
400 2972 432 3023 et
451 2963 643 3044 Thrssyclem
657 2962 805 3033 lesbium,
825 2972 858 3022 et
873 2981 920 3021 me
940 2981 997 3022 nne
1009 2981 1077 3021 cum
1097 2960 1142 3022 his
1158 2963 1287 3024 tertium.
1311 2966 1372 3024 Ac·

271 3054 347 3116 cidit
355 3065 454 3116 nutem
462 3073 550 3134 quam
564 3054 688 3133 primum
702 3051 837 3132 Delphos
849 3053 939 3113 delati
953 3071 1064 3126 sumus,
1081 3065 1115 3114 ut
1127 3053 1295 3133 Diognetus
1307 3057 1372 3116 hie-

273 3163 444 3208 romnemon
465 3147 497 3205 iu
515 3145 619 3206 febrim
642 3145 794 3212 inciderit;
827 3145 990 3224 eodemque
1018 3148 1120 3205 morbo
1146 3158 1298 3226 correptus
1326 3161 1373 3210 est

275 3237 395 3298 Midias.
416 3239 526 3300 ceteri
546 3238 776 3316 Amphictyones
797 3233 827 3296 ih
847 3255 1021 3298 concessum
1034 3240 1164 3299 coibant.
1201 3241 1316 3300 luteres
1330 3244 1375 3303 al-

273 3328 363 3388 lcrtnr
376 3330 417 3388 sd
440 3347 493 3387 nos
506 3330 544 3387 ah
563 3329 600 3386 iis
612 3330 663 3406 qui
682 3346 766 3388 suem
780 3329 811 3388 in
829 3329 977 3390 civitatem
990 3341 1118 3390 vestram
1137 3331 1371 3393 benevolentiam

272 3417 426 3479 declarare
446 3429 599 3498 cuperent,
622 3411 861 3500 Amphissenses,
884 3423 1033 3501 subjectos
1057 3431 1129 3483 tunc
1155 3433 1186 3483 et
1211 3423 1314 3484 mirum
1342 3427 1372 3485 in

271 3511 394 3572 modum
405 3511 624 3571 subservientes
637 3511 795 3585 Thebanis,
813 3515 964 3574 decretum
987 3515 1128 3574 adsersus
1146 3514 1294 3574 civitatem
1318 3537 1373 3578 nn·

272 3613 364 3664 nram
389 3601 534 3677 attulisse,
560 3622 619 3684 quo
646 3606 770 3685 populus
795 3606 983 3666 Atheniensis
1011 3607 1226 3687 qninquaginta
1252 3608 1373 3668 talentis

272 3695 473 3770 mulctaretur,
493 3699 648 3776 propterea
659 3697 740 3775 quod
754 3696 953 3778 novoltemplo
971 3699 1140 3778 prinsquam
1155 3710 1235 3760 esset
1252 3700 1374 3761 dedica-

273 3795 338 3846 tum
350 3807 454 3848 aureos
466 3788 588 3868 clypeos
602 3789 870 3867 suspendissemus,
888 3791 989 3851 addita
1000 3793 1185 3871 inscriptione
1198 3810 1289 3870 qnam
1303 3793 1375 3853 addi

274 3895 328 3956 par
354 3890 428 3958 erat,
453 3879 725 3941 Athenienses
753 3879 798 3942 dc
827 3882 956 3942 Medis
984 3884 1269 3954 aewhebsnis,
1297 3903 1374 3962 quo

274 3981 454 4050 tempore
479 3971 690 4032 adversum
717 3973 877 4033 Gssecos
906 3976 946 4034 hi
977 3985 1219 4055 pugnarent.
1266 3975 1373 4036 Hiero·

273 4079 412 4123 mnemon
424 4073 520 4127 nutem
539 4063 714 4123 accersitum
732 4083 781 4126 me
801 4067 933 4146 rogabat,
950 4077 983 4126 ut
1003 4067 1032 4126 in
1049 4065 1208 4126 concilium
1221 4067 1375 4146 ingressus
1457 4061 1458 4074 ¹

276 4153 386 4232 aliquid
399 4155 476 4234 apud
490 4155 718 4236 Amphictyonas
732 4175 786 4234 pno
808 4157 923 4219 civitate
937 4169 1039 4220 nostra
1058 4158 1198 4232 dicerem,
1218 4179 1287 4219 cum
1311 4162 1374 4239 ipse

277 4244 356 4302 ultro
368 4247 399 4304 id
408 4248 439 4304 in
449 4247 546 4306 animo
556 4247 703 4308 haberem.
725 4248 888 4327 Postquam
902 4248 990 4327 igitur
998 4251 1087 4309 verbe
1096 4250 1194 4309 secere
1208 4252 1374 4330 coepissem,

276 4335 436 4412 etquidem
450 4338 541 4416 paulo
549 4337 682 4417 cupidius
693 4340 724 4398 in
733 4340 888 4400 concilium
896 4342 1047 4419 ingressus
1060 4359 1165 4412 essem,
1180 4341 1261 4420 quod
1274 4344 1376 4402 ceteri
1456 4379 1457 4390 ι

277 4424 432 4510 Pylsgorns
443 4429 534 4489 nostri
550 4431 698 4502 abessem,
720 4429 890 4492 exclamans
910 4431 1029 4512 quidam
1047 4453 1084 4492 ex
1102 4431 1374 4512 Amphissensihua,
