2967 5017
330 343 374 401 ΙΝ
396 341 604 404 Evaunum
628 343 678 403 ET
698 343 982 406 MNESIBULUM.
1139 349 1197 407 667

153 501 200 559 19.
222 497 278 558 His
291 517 347 578 ego
360 518 397 560 ex
407 497 614 577 jureconsultis
628 499 747 572 auditis,
764 509 794 558 et
809 500 946 580 inspectis
965 500 1108 560 Draconis
1126 500 1209 578 lege.

109 592 164 650 bus
178 590 207 648 in
221 590 290 670 pila,
305 610 372 650 cum
386 589 487 650 amicis
502 589 697 650 deliberabam
710 590 850 669 quidnam
866 601 944 651 esset
956 592 1111 670 agendum.
1139 593 1198 661 Qui

110 701 177 742 cum
198 682 364 756 suaderent,
377 691 411 742 ut
430 692 461 743 et
481 701 517 742 ea
540 701 606 761 quae
621 682 659 742 ad
678 682 872 763 expiationem
892 683 1000 745 adium
1023 683 1201 762 pertinerent

110 783 141 832 et
157 783 264 835 cratera
287 776 413 834 lacerem
435 793 501 854 quse
515 773 709 854 jureconsulti
730 773 800 835 mihi
818 774 1046 854 respondissent,
1060 776 1103 835 ita
1127 775 1199 835 ieci:

108 864 143 924 iis
166 885 235 927 vero
262 866 299 926 de
328 869 425 940 rebus,
438 886 506 944 quae
529 865 598 924 mihi
617 885 703 946 porro
721 865 836 946 legibus
855 886 915 926 non
937 866 1073 938 licebant,
1093 867 1199 946 quievi.

107 957 201 1018 Jubet
226 957 304 1018 enim
331 957 391 1032 lex,
411 957 541 1032 Judices,
563 969 597 1016 ut
614 958 730 1037 cognati
754 959 850 1018 cades
873 969 1083 1038 persequantur
1107 978 1200 1038 usque

107 1049 150 1108 ad
173 1051 322 1111 sobrinus:
345 1051 421 1110 etin
439 1049 627 1131 jurejurando
647 1061 776 1124 cavetur,
792 1051 909 1124 debere,
932 1051 957 1110 si
976 1049 1023 1110 rel
1041 1070 1139 1111 servus
1163 1052 1201 1110 sit

107 1141 291 1217 interiectus,
308 1143 364 1204 hos
385 1144 504 1203 eusdem
523 1142 632 1204 caedem
656 1145 801 1223 persequi.
843 1143 917 1203 Mihi
941 1163 1010 1202 vero
1034 1163 1129 1223 neque
1149 1163 1200 1222 ge-

108 1255 177 1296 nere
190 1236 346 1318 quicquam
361 1237 519 1316 conjuncta
532 1245 594 1296 erat
604 1235 714 1308 mulier,
725 1235 780 1295 nisi
793 1246 938 1315 quatenus
952 1237 1046 1296 nutrix
1060 1256 1125 1296 mea
1136 1235 1200 1296 fue·

108 1337 164 1398 rat,
185 1349 280 1408 neque
295 1331 381 1389 etiarn
402 1329 521 1389 ancilla:
544 1329 722 1389 manumissa
744 1330 821 1389 enim
835 1339 950 1408 epatre
968 1348 1033 1388 meu
1050 1329 1157 1399 fuerat,
1171 1339 1201 1388 et

109 1420 227 1480 seorsim
241 1420 396 1494 habitarat,
411 1432 440 1480 et
456 1421 586 1480 maritum
606 1420 757 1480 habuerat.
797 1420 919 1481 Mentiri
932 1430 1030 1480 autem
1050 1421 1129 1502 apud
1151 1440 1201 1482 ros

108 1522 138 1570 et
151 1513 214 1592 ipse
234 1513 299 1574 loco
312 1513 362 1572 lilii
376 1522 406 1572 et
421 1515 520 1573 uxoris
530 1515 628 1593 jurare
642 1534 702 1572 nun
722 1532 811 1573 ausus
831 1533 937 1584 essem,
951 1533 989 1572 ne
1007 1524 1069 1572 tum
1081 1511 1199 1589 quidem

107 1603 130 1662 si
155 1613 235 1664 certo
258 1603 377 1664 scissem
393 1625 440 1663 me
455 1605 527 1665 istus
552 1615 737 1684 peracturum
760 1624 825 1664 esse
845 1623 929 1663 reus:
950 1625 1044 1684 neque
1058 1604 1135 1662 enim
1149 1621 1200 1662 eos

106 1707 222 1756 tantum
247 1696 306 1763 udi,
323 1707 462 1773 quantum
477 1699 618 1776 meipsum
633 1697 733 1774 diligo.
774 1697 821 1756 Ne
834 1704 931 1756 autem
945 1697 1033 1756 verba
1046 1716 1112 1757 mea
1124 1693 1199 1754 dun-

105 1797 190 1848 taxat
205 1787 341 1860 audiatis,
356 1787 420 1867 ipsa
433 1788 515 1848 vobis
530 1789 577 1848 lex
590 1788 766 1848 recitabitur.

613 2005 705 2064 LEX.

148 2150 197 2206 20.
221 2147 284 2206 Etsi
297 2155 392 2206 autern
406 2165 468 2218 vus,
482 2145 615 2216 ludices,
635 2167 651 2204 e
670 2146 769 2206 multis
787 2148 880 2227 signis
895 2146 1114 2227 deprehendere
1127 2155 1199 2226 putu

109 2241 214 2300 laisum
229 2261 295 2300 esse
309 2239 517 2311 testimouium,
537 2238 566 2297 id
592 2248 690 2298 tamen
711 2259 748 2298 ex
769 2259 869 2299 eorum
892 2238 1038 2300 saetisvel
1057 2237 1201 2318 inprimis

108 2331 355 2392 animadvertitur.
397 2332 451 2390 Isti
465 2332 618 2410 putabant,
631 2331 652 2390 J
654 2331 766 2402 udices,
781 2352 837 2404 me,
847 2332 872 2390 si
886 2331 978 2389 multa
991 2330 1060 2390 mihi
1078 2330 1201 2409 pignora

107 2423 306 2496 abstulissent,
321 2423 425 2504 cupide
448 2423 636 2483 liberaturum
658 2433 746 2482 testes
768 2423 833 2482 falsi
856 2421 1010 2481 testimonii
1029 2421 1153 2493 actione,
1168 2431 1203 2481 ut

105 2516 230 2596 pignora
243 2534 463 2595 recuperarem
493 2534 617 2592 cumque
637 2533 705 2572 eum
720 2533 852 2592 rogarem
870 2524 902 2571 ut
916 2513 992 2572 diem
1012 2512 1081 2571 mihi
1100 2532 1200 2593 pruru-¹

106 2617 201 2688 garet,
214 2607 307 2668 libens
321 2608 446 2686 accepit,
461 2616 493 2664 ut
512 2605 536 2664 si
554 2605 711 2664 constituto
724 2613 854 2683 tempure
875 2626 934 2665 non
954 2605 1200 2687 solvissem,·plu-

107 2700 180 2760 rima
193 2719 232 2760 ex
246 2699 358 2759 aedibus
372 2699 444 2758 meis
459 2707 643 2778 experturam
664 2707 875 2775 proptereaque
887 2697 1013 2775 ingenue
1027 2708 1058 2756 et
1070 2706 1200 2776 prompte

108 2792 264 2862 concessit,
281 2801 314 2851 ut
326 2791 402 2850 fides·
414 2790 473 2849 suis
488 2789 642 2848 haberetur
653 2809 708 2846 nec
719 2787 832 2845 insidias
846 2789 1037 2865 patelierent:
1059 2809 1115 2847 nec
1124 2789 1201 2846 enim

110 2885 199 2945 aliter
206 2883 267 2942 fieri
281 2902 367 2963 posse
382 2877 574 2952 existimabat,
590 2889 624 2939 ut
637 2889 726 2939 testes
748 2879 862 2938 actione
880 2879 945 2937 salsi
959 2879 1115 2937 testimonii
1125 2875 1201 2937 liba·

108 2987 250 3047 rarenter,
262 2995 348 3054 quam
363 2975 387 3034 si
402 2994 448 3032 me
461 2973 632 3051 decepisset,
646 2981 674 3029 et
689 2991 763 3030 ame
774 2968 920 3029 addictam
933 2969 1009 3030 diem
1023 2969 1134 3028 mulcta
1142 2989 1201 3028 non
1295 3007 1298 3013 .

109 3069 204 3129 soluta
218 3086 306 3148 quam
320 3067 443 3147 plurima
463 3075 652 3144 asportasset.
693 3063 762 3122 Non
784 3063 861 3122 enim
884 3081 914 3121 se
938 3061 1107 3121 tantillum
1100 3081 1199 3121 ruren-

108 3173 202 3220 turum
225 3169 352 3239 putarat,
364 3169 505 3238 quantum
523 3158 716 3227 abstulerunt,
731 3156 782 3214 sed
796 3154 882 3236 lunge
897 3155 989 3260 plura
1032 3156 1077 3215 Ac
1091 3155 1202 3235 reliquo

109 3267 238 3334 tempore
251 3252 430 3333 exspectavit
444 3261 581 3331 tanquam
605 3248 736 3308 celeriter
760 3249 786 3307 ei
807 3249 961 3355 pecuniam
974 3248 1140 3309 redditurus
1154 3268 1202 3310 es·

108 3367 179 3422 sem,
193 3357 228 3406 ut
241 3347 316 3407 sub'
309 3367 401 3427 ipsam
416 3345 483 3406 salsi
497 3343 649 3404 testimonii
665 3341 811 3402 actionem
829 3343 952 3422 pignora
965 3353 1099 3421 caperet:
1120 3353 1201 3421 post-

109 3460 196 3519 quam
210 3450 309 3500 autem
321 3442 346 3498 ei
357 3441 439 3520 parui
452 3450 482 3498 et
494 3438 633 3498 mulctam
648 3435 742 3507 attuli,
755 3455 819 3495 eam
831 3455 889 3495 non
904 3436 1022 3515 recepit,
1036 3436 1088 3496 sed
1103 3456 1201 3514 egres-

109 3552 156 3592 sus
179 3531 371 3613 supellectilia
394 3551 460 3592 mea
483 3541 513 3590 et
534 3549 632 3589 servus
650 3538 680 3588 et
697 3547 766 3587 ures
783 3527 909 3586 abstulit.
952 3528 1145 3600 Culoautem
1162 3527 1200 3585 ad

110 3625 229 3686 Circum
250 3634 423 3704 equestrem,
436 3633 470 3681 ut
492 3642 558 3680 eum
579 3618 681 3700 procul
701 3619 742 3679 ire
767 3638 889 3680 necesse
910 3639 970 3678 nun
986 3614 1090 3679 fuerit.
1124 3618 1201 3676 Haec

110 3737 177 3777 rere
192 3737 268 3777 ame
285 3717 353 3787 dici,
368 3735 475 3796 niagno
490 3713 572 3774 vobis
590 3713 664 3772 illud
686 3721 857 3791 argumento
879 3713 933 3771 sit:
956 3712 1035 3791 quud
1051 3710 1201 3790 postridie,

101 3799 197 3890 ¹quam
207 3809 331 3889 pignora
346 3817 474 3887 ceperat,
487 3806 626 3866 mulctam
642 3804 967 3884 accepit—enimvero,
978 3803 1033 3862 nisi
1040 3809 1103 3878 jam
1115 3811 1203 3860 antea

110 3903 261 3964 collectam
279 3901 459 3974 habuissem,
473 3899 524 3979 qui
542 3898 642 3958 statim
662 3916 816 3958 numerare
830 3896 910 3956 mille
924 3904 1070 3957 trecentas
1083 3893 1203 3973 trigInta

110 4007 166 4058 tres
179 3996 335 4058 drachmas
350 3996 424 4056 duos
444 3995 546 4056 obulos
566 3994 724 4073 potuissem
734 3992 820 4052 i—et
840 3993 963 4072 pignora
980 3991 1049 4050 mihi
1063 4011 1122 4051 nun
1135 3990 1201 4050 red-

111 4091 190 4166 didit,
205 4091 259 4152 sed
283 4089 442 4150 etiamnum
457 4107 493 4148 ea
514 4097 595 4148 tenet
608 4096 642 4145 ut
663 4085 725 4166 ejus
740 4085 790 4164 qui
807 4086 846 4144 ad
858 4085 934 4145 diem
948 4085 1057 4143 dictam
1070 4103 1129 4143 uon
1143 4082 1202 4143 sol·

111 4185 206 4244 verim.
250 4183 292 4244 Ut
310 4194 408 4243 autem
422 4190 537 4242 constet
550 4201 596 4239 rne
611 4177 649 4238 ad
663 4177 772 4238 dictam
791 4177 911 4238 suluisse
925 4177 1013 4247 diem,
1030 4177 1121 4238 recita
1133 4176 1202 4236 mihi

111 4275 306 4336 testimonium
325 4285 354 4334 et
367 4274 474 4354 legem,
493 4291 559 4352 quae
569 4271 654 4351 jubet
667 4290 702 4330 ea
720 4281 785 4330 rata
797 4290 873 4342 esse,
887 4288 952 4347 quae
965 4268 1040 4329 alius
1060 4289 1126 4330 curn
1143 4268 1202 4328 aliu

110 4369 270 4450 pepigerit:
291 4366 414 4449 proinde
428 4365 497 4428 nihil
512 4365 612 4444 utique
626 4364 663 4425 de
673 4365 791 4443 mejam
806 4361 886 4445 queri
896 4362 998 4441 potuit
