2967 5017
341 344 366 420 J
489 345 535 407 ΙΝ
555 346 899 410 CTESlPHONTEM.
1083 341 1084 344 '
1186 348 1242 406 115

148 497 244 577 magis
263 497 389 560 adrem
406 497 475 560 fnit.
500 501 642 581 Anquod
660 503 754 581 isqui
775 504 879 564 scitum
899 502 971 562 feeit
993 519 1052 562 non
1072 500 1178 580 dignus
1197 509 1243 560 est

148 588 315 669 supplicio?
335 591 415 671 Ergo
428 592 517 653 nullae
531 603 604 676 aunt
613 594 692 674 apud
707 614 760 655 vos
776 595 927 654 'rationum
941 595 1009 654 vita
1027 592 1244 653 referendarum

149 679 242 759 leges,
266 682 292 742 si
311 683 391 744 hune
403 685 600 746 absolveritis.
636 686 715 747 lllnd
732 705 802 749 sero
824 705 923 746 nonne
939 681 1198 764 ingemiscendum,
1219 682 1245 742 si
1318 744 1323 762 st

148 773 269 850 quidem
280 775 350 836 olim
365 776 460 836 aureis
475 779 601 850 coronis,
622 778 728 856 quibus
749 778 876 857 populus
898 795 917 837 a
935 775 1048 836 Grecis
1069 776 1243 846 donabatur,

147 866 257 926 refuta
270 877 333 928 erat
352 869 513 952 orchestra,
527 890 563 930 eo
584 871 666 949 qnod
684 869 746 930 dies
766 869 815 930 hio
829 867 1024 948 hospitalibus
1041 869 1157 928 coronis
1173 885 1245 926 con-

148 957 268 1018 stitutus
285 970 369 1020 erat:
391 981 469 1022 nunc
483 981 523 1022 ex
537 961 747 1021 Demosthenis
760 961 790 1020 in
804 979 866 1039 rep.
881 960 1112 1020 administranda
1128 959 1244 1018 institu-

124 1065 127 1070 ·
146 1049 185 1108 tis
199 1069 253 1110 vos
265 1071 363 1131 neque
376 1055 491 1113 coronis
505 1072 601 1130 neque
615 1053 769 1130 preconiis
782 1053 884 1113 donati
898 1052 972 1123 sitis,
987 1051 1043 1110 iate
1056 1062 1154 1110 sutem
1167 1068 1243 1129 prse-

62 1169 68 1186 ·
148 1140 293 1204 dicatione
311 1146 350 1204 sit
373 1145 544 1204 ornandus?
565 1145 662 1222 Atqui·
670 1145 761 1222 siquis
780 1165 820 1204 ex
837 1146 931 1223 poetis
945 1143 1073 1221 tragicis,
1086 1144 1136 1221 qui
1154 1143 1244 1220 paulo

147 1245 215 1312 post
226 1235 372 1294 histriones
384 1237 414 1292 in
427 1255 533 1294 ocenum
544 1235 718 1314 producturi
730 1245 810 1306 sunt,
825 1237 937 1294 iaceret
949 1235 978 1293 in
993 1235 1137 1314 tragoedia
1151 1234 1245 1296 Ther·
1265 1261 1268 1268 ¹
1350 1305 1359 1316 ,

148 1324 234 1384 sitem
248 1345 266 1389 a
280 1326 395 1386 Graecis
408 1327 552 1398 coronari,
571 1345 659 1387 nemo
676 1336 806 1388 vestrum
818 1328 918 1398 ferret,
932 1327 1071 1406 quoniam
1092 1326 1164 1388 dicit
1177 1346 1245 1388 eum
1294 1387 1297 1396 ,

125 1403 133 1423 “
147 1416 297 1476 Homerus
314 1419 455 1496 ignavum
469 1428 501 1478 et
520 1419 736 1500 sycophantam
757 1405 865 1479 luisses
887 1437 939 1477 ros
953 1427 1051 1478 autem
1065 1435 1133 1476 eum
1147 1418 1244 1478 istius-

146 1509 227 1568 modi
247 1507 356 1568 hontini
377 1529 515 1571 coronam
529 1511 693 1590 imponetis,
707 1531 768 1572 non
782 1511 892 1590 putatis
913 1529 966 1572 sos
988 1509 1160 1570 Graecorum
1182 1527 1245 1568 onr-

146 1600 227 1659 nium
236 1599 357 1679 judiciis
380 1601 564 1662 exsibilatum
584 1602 639 1662 iril
660 1603 791 1684 Majorea
813 1603 890 1662 enim
912 1603 1009 1673 vestri,
1033 1600 1058 1660 si
1072 1599 1143 1680 quid
1157 1601 1244 1660 rebus

147 1692 211 1752 suis
224 1693 413 1772 splendidum
426 1713 462 1754 ac
482 1694 655 1773 praeclarum
669 1694 790 1764 inesset,
806 1694 836 1754 id
852 1693 962 1776 populo
975 1693 1198 1758 adscribebantz
1221 1692 1246 1754 si

146 1783 219 1862 quid
240 1786 388 1862 abjectum
409 1796 498 1865 atque
517 1787 659 1857 infimum,
673 1787 703 1844 in
721 1785 815 1848 melos
837 1794 966 1846 oratores
987 1785 1193 1844 conferebant:
1214 1791 1246 1844 at
1368 1842 1373 1854 ,

148 1875 309 1955 Ctesiphon
334 1878 500 1949 arbitretur,
524 1897 613 1958 quam
637 1877 832 1938 Demostheni
846 1876 1028 1938 detraxeritis
1045 1876 1243 1953 ignominiam,

38 2050 41 2054 ι
147 1967 257 2047 populo
269 1988 323 2028 sos
337 1969 534 2050 circumjicere
548 1980 693 2050 oportere.

188 2062 239 2118 85.
261 2060 416 2122 Enimvero
430 2062 592 2124 dicitisros
605 2063 771 2124 fortunatos
785 2083 861 2135 esse,
872 2061 1120 2143 quemadmodum
1134 2061 1205 2121 estis
1216 2071 1247 2122 et

119 2177 122 2182 ·
147 2151 251 2210 merito
264 2152 394 2230 quidem,
401 2154 522 2214 decreto
531 2163 630 2214 autem
643 2156 852 2218 confirmabitis
863 2176 915 2216 sos
926 2156 1072 2217 eiortnna
1081 2154 1247 2227 derelictos,

146 2261 167 2300 a
185 2243 387 2304 Demosthene
408 2246 558 2306 benefieiis
570 2266 638 2306 ease
652 2248 784 2320 affectos,
799 2260 829 2308 et
847 2249 927 2330 qnod
941 2257 987 2308 est
999 2245 1130 2306 omnium
1143 2247 1246 2316 waur-
1315 2249 1318 2254 “

147 2333 310 2404 dissimum,
324 2338 355 2396 in
374 2338 480 2396 iisdem
489 2338 609 2417 judiciis
629 2359 680 2400 eos
701 2341 754 2418 qui
776 2340 1004 2420 repetundarum
1025 2346 1094 2397 sunt
1117 2336 1247 2397 damnati

146 2425 267 2485 infamia
280 2429 398 2499 nontin,
413 2428 483 2488 huic
505 2449 591 2508 quem
607 2431 664 2511 ipsi
677 2433 758 2493 scitis
773 2432 908 2492 mercede
919 2449 1012 2509 remp.
1027 2428 1246 2488 administrasse

147 2536 284 2578 coronam
303 2519 480 2598 imponetis:
502 2520 640 2580 ludorum
653 2523 742 2582 etiam
757 2523 1000 2602 Dionysiacorum
1011 2518 1137 2598 judiees,
1154 2521 1179 2578 si
1192 2518 1246 2578 ini-

146 2629 236 2686 quam
251 2611 289 2670 de
302 2609 400 2670 choris
414 2610 533 2689 cyclicis
545 2614 722 2670 sententiam
733 2613 864 2680 tulerint,
875 2612 1033 2682 mulctatis,
1047 2611 1136 2668 iidem
1150 2620 1247 2670 autem
1316 2641 1318 2646 ·
1382 2617 1384 2622 ‘

147 2721 211 2772 vos,
224 2721 284 2760 non
307 2701 466 2759 chororum
479 2700 658 2778 cyclieorum
669 2700 787 2781 judices
803 2700 954 2761 constituti
971 2700 1024 2758 sed
1046 2701 1145 2776 legum
1158 2703 1248 2762 virtu—

147 2790 243 2868 tisque
256 2789 360 2860 civilis,
375 2789 495 2868 praemia
508 2807 568 2847 non
582 2790 747 2850 secundum
766 2791 849 2868 leges
865 2809 962 2868 neque
976 2790 1078 2868 paucis
1092 2809 1127 2852 ao
1140 2791 1247 2870 dignis,

148 2881 202 2941 sed
213 2881 242 2940 ei
255 2881 305 2958 qui
319 2879 384 2940 lioec
398 2879 554 2943 ambiendo
568 2888 722 2940 assecutus
737 2882 786 2957 sit,
801 2879 974 2958 largiemini.
996 2879 1074 2958 Ergo
1088 2882 1248 2961 sejudicio

148 2973 273 3034 discedit
287 2973 353 3032 talis
368 2973 473 3047 judex,
497 2973 558 3032 suis
575 2971 693 3051 quidem
708 2971 813 3051 opibus
835 2971 996 3042 diminutis,
1011 2973 1133 3032 oratoris
1148 2983 1248 3034 autem

149 3064 243 3126 auctis
255 3073 288 3122 et
308 3062 498 3124 confirmatis.
543 3063 597 3122 Vir
610 3064 688 3123 enim
707 3063 839 3143 privatus
853 3065 883 3123 in
899 3063 1018 3124 civitate
1032 3061 1124 3124 libera
1138 3065 1205 3144 lege
1218 3077 1250 3126 et

150 3156 266 3217 calculo
279 3173 334 3216 suo
355 3175 407 3216 rex
428 3166 494 3216 eat:
522 3175 591 3216 cum
603 3175 673 3215 sero
685 3155 751 3216 hece
771 3155 854 3216 alteri
867 3154 1057 3235 concesserit,
1074 3175 1160 3216 auum
1183 3157 1248 3236 ipse

149 3249 348 3328 principatum
371 3248 534 3328 dissipavit.
565 3248 682 3309 Deinde
702 3249 892 3328 jurisjurandi
916 3248 1035 3326 quidem
1050 3248 1168 3332 religio,
1189 3269 1249 3328 qua

151 3342 310 3401 obstrictus
323 3340 450 3419 judicat,
464 3341 582 3400 assidue
597 3342 693 3420 ipsum
708 3341 854 3400 comitans
869 3341 1005 3411 afflictat:
1030 3361 1068 3402 ex
1080 3341 1158 3401 illins
1172 3342 1249 3402 scili-

149 3441 200 3493 oet
212 3433 370 3494 violatione
384 3433 496 3493 crimen
508 3442 611 3492 natum
623 3443 687 3492 est:
709 3432 805 3511 gratia
817 3453 887 3496 sero
902 3434 938 3505 ei,
953 3436 1000 3495 cni
1013 3434 1186 3495 beneficium
1207 3434 1250 3494 ia·

148 3545 216 3588 cere
227 3525 381 3596 studebat,
392 3545 452 3586 non
467 3525 643 3592 innotescit;
664 3543 733 3584 nam
748 3527 879 3588 calculus
894 3538 1007 3588 secreto
1026 3527 1167 3592 redditur.

190 3619 241 3678 86.
261 3617 403 3676 Videmnr
415 3628 524 3689 eutem,
542 3617 748 3697 Atbepienses,
767 3618 899 3680 simulet
918 3618 1057 3679 fortunati
1072 3635 1139 3678 esse
1157 3627 1187 3678 et
1210 3617 1248 3678 de

149 3709 299 3790 republica
310 3708 468 3789 periclitari
485 3711 548 3788 pari
560 3709 767 3788 imprudentia.
802 3710 879 3770 Nam
901 3710 981 3790 quod
1002 3710 1048 3769 his
1071 3710 1249 3788 temporibus

149 3802 251 3864 libere
264 3800 389 3872 ciuitatis
400 3801 584 3862 firmamenta
593 3801 679 3860 multi
691 3802 795 3884 paucis
805 3802 956 3882 projicitis,
969 3821 1029 3864 uon
1039 3801 1146 3863 laudo:
1168 3801 1249 3878 quod

150 3899 251 3955 autem
262 3894 406 3956 iudanon
419 3894 562 3954 increbuit
573 3893 606 3954 iu
619 3914 673 3954 nos
687 3915 774 3973 seges
789 3905 937 3954 oratorum
950 3896 1145 3973 improborum
1162 3892 1249 3954 simul

150 3997 184 4047 et
196 3979 398 4066 petulantium,
412 4008 443 4046 eo
454 3988 558 4046 nomae
577 3987 719 4049 fortunati
732 4007 843 4048 sumus.
866 3987 952 4048 Talia
964 3987 1042 4046 enim
1055 3985 1173 4064 ingenia
1182 3984 1250 4046 tulit

150 4079 301 4160 qnondam
314 4079 490 4159 respublica,
505 4099 572 4158 qua
585 4081 726 4160 populum
739 4079 815 4140 adeo
828 4079 914 4142 facile
935 4079 1137 4159 perdiderunt.
1167 4076 1249 4138 Gau·

150 4173 242 4232 debat
252 4174 361 4252 quippe
369 4173 636 4242 maentetionibus3
651 4174 694 4232 ita
706 4172 787 4231 illum
798 4191 857 4232 non
871 4171 890 4230 ii
902 4190 977 4250 quos
996 4173 1157 4246 metuebat,
1165 4173 1222 4232 sed
1229 4173 1250 4233 ii

121 4305 131 4314 ι
150 4283 275 4344 quorum
288 4265 358 4324 fidei
371 4284 404 4324 se
421 4265 616 4339 commiserat,
636 4273 814 4327 everterunt.
835 4265 969 4333 Quorum
983 4264 1103 4343 quidem
1117 4265 1249 4326 nonnulli

150 4356 239 4417 etiam
248 4357 342 4434 ipsiiu
353 4357 667 4445 trigintatyrannotum
678 4375 800 4418 numero
808 4356 1068 4436 fueruntqniplus
1076 4358 1249 4438 quammille
1274 4367 1277 4372 '

152 4458 185 4509 et
193 4448 373 4529 quingentos
386 4450 465 4512 cives
478 4451 590 4512 indicta
602 4470 695 4512 causa
708 4457 900 4530 necaverunt,
910 4469 947 4510 ne
956 4447 1125 4512 criminibus
1133 4450 1252 4529 quidest
