2967 5017
407 298 623 382 inversus
645 321 951 413 rsurnnsrunr.
1166 271 1227 388 sss

136 469 254 529 Desine.
297 470 412 530 Rursus
424 472 482 533 ista
493 471 556 534 deri
568 489 588 534 a
600 493 648 536 ms
667 477 717 554 qui
731 487 892 557 potuerunt
903 497 963 538 non
977 487 1133 558 prasente,
1145 481 1227 544 etde

133 561 238 640 quibus
251 561 397 641 Erergum
411 565 636 628 condemnasti?
659 568 765 630 Recita
776 570 873 650 ipsam
885 571 1102 632 accusationem
1112 572 1226 634 ordine}

552 781 805 850 Accussuio.

131 903 162 950 Bt
174 903 267 968 vendita
277 905 367 952 officina
379 915 461 954 metet
472 907 545 956 serris
557 916 636 958 contra
647 911 716 972 picta
727 928 817 961 mecum
828 916 895 962 suta.

18 1069 19 1098 3
125 1026 251 1110 Desine.
294 1028 360 1088 Hoc
385 1039 492 1090 caetera
514 1033 613 1092 omnis
636 1035 725 1114 longe
752 1049 877 1116 superat.
926 1013 1056 1099 Primum
1082 1052 1227 1106 contra

129 1117 380 1196 pacta,iuquit‚
401 1139 550 1181 mecum
580 1125 711 1186 iacta:
746 1147 783 1188 ea
806 1146 959 1208 veroquoe
981 1132 1069 1192 sonti
1107 1135 1227 1196 locari·

128 1301 214 1360 nobis
228 1301 390 1362 Mnesiclos
409 1303 505 1362 iactus
518 1315 590 1377 eret,
605 1307 660 1366 isto
675 1318 818 1386 presente
832 1318 863 1369 et
871 1311 1005 1390 jubente.
1041 1309 1158 1376 Deinde
1171 1336 1225 1376 nos

126 1391 192 1451 asiis
205 1393 388 1453 vendidimus
402 1393 437 1452 iis
451 1395 676 1468 conditionibus,
691 1400 798 1478 quibus
812 1420 866 1460 nos
880 1398 1053 1476 emeramus,
1062 1425 1123 1465 nou
1135 1408 1225 1468 modo

122 1486 248 1563 jubente
263 1487 359 1546 adhuc
374 1488 441 1558 isto,
455 1488 508 1547 sed
531 1488 619 1548 etism
640 1492 840 1570 supplicante:
862 1514 947 1554 nemo
961 1497 1039 1555 enim
1051 1499 1141 1558 istum
1154 1520 1223 1560 ren·

124 1576 250 1635 ditorern
276 1577 427 1636 admittere
453 1577 555 1636 voluit.
597 1581 745 1647 Quorsum
769 1583 857 1660 igitur
875 1585 924 1644 hic
943 1584 1096 1647 locationis
1117 1590 1225 1667 pacta?

18 1687 19 1694 ¹
125 1667 209 1734 Quid
224 1667 294 1739 hoc,
308 1667 397 1726 homo
410 1667 583 1739 futilissime‚
598 1669 794 1748 inscripsisti?
825 1677 923 1752 Atque
937 1683 972 1733 ut
984 1687 1100 1736 constet
1117 1697 1181 1750 nos,
1194 1689 1225 1738 et

122 1769 152 1818 te
164 1759 303 1836 jubente,
318 1767 357 1827 et,
376 1757 482 1835 quibus
504 1758 720 1824 conditionibus
735 1781 898 1823 emeramus
918 1764 984 1842 ipsi,
998 1766 1101 1826 iisdem
1122 1787 1224 1828 reven-

120 1847 250 1917 didisse,
266 1845 357 1906 recita
372 1847 576 1910 testimonium.

516 2049 822 2109 TESTIMONIUM.

18 2181 19 2222 ³
123 2177 222 2266 Atoue
233 2188 307 2248 adeo
322 2196 355 2248 tu
370 2209 487 2270 quoque
501 2189 583 2250 testis
597 2209 646 2248 es:
679 2208 747 2248 nam
761 2208 828 2266 quae
840 2209 895 2249 nos
909 2200 1028 2250 centum
1042 2203 1073 2252 et
1091 2188 1220 2273 quinque

124 2281 209 2339 minis
230 2281 363 2353 emimus,
377 2303 413 2341 ea
435 2291 465 2340 tu
489 2292 592 2360 postea
614 2281 705 2340 tribus
725 2281 843 2340 talentis
860 2293 893 2340 et
911 2282 957 2341 bis
981 2283 1059 2342 mille
1077 2288 1220 2346 sexcentis

123 2371 270 2432 drachmis
289 2373 456 2432 vendidisti.
500 2373 541 2431 At
564 2372 630 2450 quis
650 2372 788 2443 omnium,
804 2371 858 2431 nisi
878 2372 1045 2434 venditores
1060 2375 1220 2450 habuisset,

18 2497 19 2500 =
124 2481 211 2522 unam
222 2463 273 2522 tibi
287 2463 456 2526 drachmam
468 2464 607 2524 dodisset.
636 2465 712 2530 Quo
726 2473 760 2522 ut
770 2483 837 2524 vere
850 2483 868 2523 a
881 2465 997 2525 medici
1011 2478 1135 2541 constet,
1145 2487 1220 2530 voca

124 2553 195 2612 mihi
207 2563 308 2614 testes.

589 2647 752 2752 russas.

124 2834 257 2911 Recepto
270 2833 368 2912 igitur,
381 2833 484 2911 quanti
497 2832 665 2902 mstimarat,
680 2848 798 2888 suarum
811 2822 908 2890 rerum
921 2834 1028 2910 pretio,
1038 2855 1143 2914 meque
1157 2847 1219 2896 tum

124 2926 184 3005 ipse
195 2936 328 3004 precatus
343 2935 376 2983 ut
389 2923 522 2984 venditor
535 2925 633 2982 fierem
645 2941 713 2980 cum
723 2930 878 2998 argentum
892 2924 1092 2996 contulissem,
1105 2945 1185 2985 nunc
1199 2947 1219 2987 a

124 3037 171 3076 me
195 3017 255 3076 duo
273 3013 385 3076 talenta
399 3016 486 3076 etiam
502 3014 641 3094 postulat.
668 3011 745 3072 'Sed
759 3023 867 3072 cetera
889 3014 1012 3074 crimina
1035 3026 1103 3075 sunt
1125 3016 1234 3077 multo-

125 3107 267 3187 graviora.
310 3107 414 3167 Recita
427 3106 567 3186 reliquam
582 3098 779 3167 accusationis
792 3112 915 3183 partem.

546 3319 790 3381 ACCUSATIO.

125 3461 346 3542 Hiccomplura
359 3471 390 3520 et
404 3461 513 3522 atrocia
526 3460 612 3520 simul
630 3462 700 3521 mihi
714 3462 831 3540 objicit:
852 3473 887 3522 ut
907 3463 1037 3534 verbera,
1061 3471 1095 3522 ut
1114 3476 1217 3526 coutri-

125 3553 251 3626 meliam‚
264 3566 297 3612 ut
310 3552 485 3624 violentiam,
499 3563 532 3611 ut
544 3551 663 3631 injurias
676 3553 705 3610 in
718 3555 814 3612 orbas.
857 3552 989 3619 Quorum
1000 3553 1116 3632 singulo
1128 3573 1218 3632 pecu·

124 3643 222 3704 liarem
243 3645 386 3704 actionem
411 3643 531 3715 habent,
546 3661 669 3722 eamque
692 3663 748 3703 nee
767 3643 845 3722 apud
861 3639 1064 3723 magistratum
1082 3644 1218 3716 eundem,

125 3755 178 3795 nac
200 3735 307 3796 iisdem
326 3733 467 3794 sancitam
494 3733 599 3812 poenis.
643 3734 720 3794 Nam
740 3735 904 3794 verberatio
923 3745 954 3796 et
975 3735 1123 3804 violentia,
1136 3733 1216 3812 apud

54 3862 57 3877 ·
126 3817 424 3904 Quadragintariros3
445 3825 633 3896 contumelia,
652 3824 731 3904 apud
745 3826 902 3894 Sexrirosr
924 3848 992 3906 qum
1006 3827 1119 3889 veroin
1132 3827 1218 3886 orbos

126 3918 356 3989 committuntur,
372 3915 449 3994 apud
463 3916 623 3983 Praetorem
637 3917 828 3996 disceptanda
849 3928 928 3979 sunt.
970 3919 1097 3997 Legibus
1119 3927 1218 3977 sutem

125 4010 192 4070 licet
211 4030 248 4071 ea
267 4029 387 4089 quoque
405 4008 537 4079 crimina,
552 4028 675 4089 quorum
696 4009 746 4087 qui
768 4009 913 4070 actionem
932 4010 983 4070 det
996 4027 1082 4069 nemo
1095 4018 1150 4082 est,
1165 4029 1217 4070 ex·

126 4103 257 4180 ceptione
272 4120 464 4162 summovere.
507 4101 611 4161 Recito
624 4101 665 4161 eis
679 4100 756 4160 hanc
767 4102 872 4180 legem.

623 4281 715 4342 LEX.

128 4407 209 4468 lstud
232 4409 329 4487 igitur,
345 4427 410 4470 cum
434 4417 537 4487 prester
561 4409 700 4488 reliquam
720 4409 967 4490 prescriptionem
984 4409 1118 4490 opposita
1130 4425 1215 4468 exce·

18 1249 19 1254 1
128 1225 196 1266 mus
222 1208 314 1268 usuris
337 1209 430 1270 solitis
452 1212 500 1270 isti
520 1221 621 1274 nostra
638 1233 703 1286 nos,
719 1228 751 1276 et
774 1217 854 1277 aliud
878 1220 967 1280 nihii:
990 1223 1126 1282 venditor
1148 1226 1225 1286 enim
1308 1255 1314 1270 v

1263 1333 1289 1365 l
