2967 5017
288 324 310 382 6
606 327 779 390 cott'rrta
802 323 1073 390 rimanorum.

333 479 363 534 4.
387 476 460 538 Post
471 479 549 557 hsec,
563 482 693 561 jndices,
706 481 796 542 edicit
809 481 847 541 de
859 481 978 562 injuriis,
994 477 1106 557 magnis
1118 470 1176 536 iliis
1189 469 1332 550 quidem5
1341 473 1401 530 sed

290 578 392 630 tamen
403 571 465 629 fieri
478 571 591 647 seilicet
606 574 636 633 in
649 575 721 634 urhe
735 585 835 634 nostra
848 572 950 634 solitis.
972 571 1049 630 Nam
1061 575 1098 629 aa
1111 567 1148 626 de
1162 583 1256 625 causa
1267 563 1359 644 leges
1384 585 1404 622 a

292 663 450 741 majeribus
460 665 581 724 sancitte
594 675 673 735 sunt,
683 667 765 745 quod
776 665 909 746 quaedam
924 673 1025 724 contra
1038 679 1125 740 quam
1138 658 1245 718 deceat
1256 657 1401 716 commit-
1464 719 1465 732 χ

292 763 402 813 tsutur.
425 755 487 814 Lex
507 768 585 817 certe
602 758 720 836 quidem
739 768 838 836 aperte
857 756 913 816 aitt
936 756 969 814 ei
988 765 1093 833 pater
1114 761 1180 810 aut
1198 749 1321 808 irater
1335 758 1403 806 nut
1464 791 1465 842 ἢ

293 857 446 922 patruus
468 857 531 907 sut
551 857 651 908 tutor
668 859 733 908 aut
752 847 912 927 denique
934 847 966 905 is
988 846 1091 924 cujus
1114 853 1159 903 est
1179 841 1401 900 auctor-itas
1464 859 1465 862 ¹

294 935 453 1013 aliquem
476 940 639 1000 mercede
657 941 873 1019 prostituat,
898 957 968 998 non
988 937 1102 995 licere
1120 951 1269 1014 puerum
1287 949 1401 992 aceu-
1464 953 1465 980 1

292 1045 394 1088 sere:
423 1031 485 1089 sed
521 1041 595 1090 tam
621 1051 700 1092 eum
729 1032 791 1109 qui
817 1031 994 1090 elocarit
1017 1045 1129 1106 quam
1154 1023 1222 1102 qui
1246 1023 1402 1082 condu-

293 1120 410 1191 xerit,
432 1121 545 1181 illum
570 1123 670 1199 quod
692 1123 861 1196 elocarit,
882 1121 984 1192 hune,
1007 1117 1111 1197 inquit,
1133 1113 1228 1195 quod
1252 1115 1400 1174 condu-

293 1209 399 1282 xerit,
418 1223 450 1270 et
467 1229 567 1290 parem
585 1213 616 1272 in
638 1223 792 1292 utrumque
812 1231 928 1292 poenarn
947 1211 1057 1270 statuit.
1079 1208 1205 1287 Neque
1228 1207 1399 1266 necessi·

294 1313 408 1361 tatem
431 1303 593 1383 imponit
615 1324 736 1387 puero
757 1306 816 1364 ubi
840 1302 1067 1364 adoleverit
1090 1311 1239 1379 patrem
1266 1299 1399 1358 alendi

294 1404 358 1452 sut
384 1393 568 1476 domicilio
591 1391 818 1475 e'xcipiendi,
844 1397 873 1454 si
901 1394 1011 1453 fuerit
1038 1393 1086 1452 ab
1110 1411 1150 1450 eo
1175 1391 1221 1450 sd
1246 1401 1399 1470 turpem
1464 1405 1465 1416 ¹

295 1496 478 1565 questum
502 1486 689 1560 elocutus,
712 1489 934 1547 defunctum
956 1495 1079 1544 tamen
1101 1481 1263 1562 sepelire
1282 1483 1399 1562 jubet

294 1597 338 1637 ac
361 1587 494 1637 cetere
512 1579 740 1657 paren-talia
764 1579 875 1638 obire
894 1587 934 1636 ut
952 1577 1069 1637 moris
1090 1583 1160 1634 est.
1183 1574 1397 1646 Considerate,

293 1667 499 1742 Athenienses,
521 1689 609 1748 quam
629 1679 721 1740 recte,
739 1669 847 1728 virenti
866 1669 895 1726 ei
914 1667 1019 1747 eripiat
1037 1668 1162 1725 fructum
1179 1665 1397 1744 procreationis

247 1796 252 1815 ι
293 1760 460 1832 liberorum,
470 1761 716 1838 quemadmodum
727 1761 790 1839 ipse
799 1779 891 1839 puero
901 1757 1268 1818 libertatemzdefunctum
1280 1767 1395 1826 umen,

293 1871 362 1912 cum
381 1853 407 1912 is
420 1853 538 1931 quidem
558 1854 609 1930 qui
629 1854 802 1912 beneficium
822 1853 940 1931 accipit,
954 1869 1013 1909 non
1024 1851 1086 1929 jem
1103 1851 1193 1908 sentit
1204 1849 1396 1910 commodum

294 1963 355 2024 quo
368 1944 503 2017 afficitur,
516 1943 575 2022 iegi
587 1963 657 2002 uero
669 1954 700 2004 et
712 1944 824 2006 numini
836 1945 930 2004 honos
949 1941 1081 2009 habetur,
1100 1941 1222 2019 sepelire
1232 1941 1349 2020 jubeat,
1363 1954 1394 2002 et

294 2045 393 2095 cetera
401 2037 441 2094 de
461 2054 540 2094 more
554 2047 702 2113 proestare.
735 2035 831 2094 Etiam
854 2035 940 2093 aliam
961 2033 1109 2111 quendam
1122 2032 1228 2110 legem·
1237 2033 1319 2104 tulit,
1341 2055 1394 2094 no·

293 2139 418 2188 atrorum
432 2128 589 2184 liberorum
603 2127 766 2196 custodem,
789 2127 825 2184 de
846 2125 1000 2195 lenocinio,
1020 2122 1151 2182 maximis
1169 2124 1263 2203 poenis
1282 2124 1394 2185 adscri-

294 2220 363 2299 ptis,
396 2218 430 2276 si
456 2215 546 2294 quis
572 2216 741 2293 ingenui
773 2217 886 2294 pueri
918 2225 983 2273 aut
1013 2216 1192 2275 mulieris
1218 2215 1391 2276 lenonem

294 2319 394 2388 agat
429 2309 566 2385 thuam
580 2305 688 2366 aliam?
710 2306 819 2384 Legem
843 2305 1038 2376 contumelias,
1051 2325 1118 2384 quse
1137 2323 1196 2366 uno
1216 2309 1313 2385 capite
1327 2328 1392 2387 quse

294 2413 365 2460 sunt
386 2401 472 2472 hujus
499 2399 614 2475 generis
642 2397 740 2456 omnia
767 2397 987 2474 complectitur3
1015 2398 1045 2456 in
1064 2417 1122 2476 qua
1142 2397 1230 2478 plane
1250 2400 1391 2479 scriptum

293 2491 429 2560 hahetur,
449 2489 550 2566 siquis
563 2507 654 2566 puero
663 2488 869 2549 contumeliam
881 2489 1092 2549 feeerit-facit
1101 2501 1198 2548 autem
1208 2492 1312 2568 utique
1321 2511 1391 2552 con-

294 2579 443 2641 tumeliam
463 2579 513 2656 qui
534 2579 722 2652 conducit—,
742 2589 794 2638 aut
813 2581 883 2652 viro,
900 2591 952 2640 aut
966 2580 1088 2652 mulieri,
1108 2581 1168 2640 sire
1185 2582 1317 2660 ingenuo
1331 2583 1391 2643 sire

295 2695 387 2746 servo,
402 2684 454 2733 aut
467 2672 574 2751 aliquid
585 2672 699 2752 iegibus
709 2674 897 2734 interdictum
911 2675 941 2734 in
951 2675 1055 2734 horum
1067 2675 1192 2753 aliquem
1201 2679 1391 2752 commiserit,

294 2769 325 2827 in
339 2785 407 2826 eum
419 2764 605 2826 contumeliis
618 2765 764 2824 actionem
778 2766 862 2826 dedit
877 2777 907 2824 et
929 2766 988 2826 litis
1001 2766 1220 2826 {estimationem
1234 2787 1301 2828 earn
1315 2770 1392 2844 iecit,

295 2870 331 2920 ut
340 2862 528 2922 sumendum
540 2860 589 2933 sit,
598 2860 671 2938 quid
684 2861 710 2920 is
723 2860 804 2919 luere
818 2860 935 2933 debeat,
950 2869 1002 2920 aut
1014 2861 1136 2921 solvere.
1170 2861 1275 2923 Recita
1287 2863 1390 2944 legem.

795 3037 883 3097 tart

329 3179 354 3228 Si
364 3180 417 3242 qnis
432 3179 581 3228 Atheniensis
592 3194 665 3240 puero
676 3179 776 3239 ingenuo
786 3181 950 3228 contumelium
960 3181 1051 3238 iecerit,
1062 3183 1083 3230 is
1092 3181 1118 3230 in
1129 3186 1196 3245 enjus
1207 3190 1323 3246 potestate
1333 3201 1391 3248 puer

297 3263 335 3303 est
344 3255 408 3301 iilum
420 3257 481 3316 apud
493 3255 602 3301 serviros
614 3264 731 3311 sccussto,
743 3271 770 3303 es
781 3256 829 3304 iitis
844 3257 996 3306 srstimatione
1007 3260 1133 3322 adscripta,
1149 3276 1194 3322 qus
1206 3261 1322 3322 iudicium
1339 3279 1388 3310 euss

296 3331 464 3383 enodemusrit,
472 3329 513 3390 'qni
524 3331 543 3376 si
554 3331 718 3379 undeoimsiris
729 3333 800 3380 fuerit
811 3331 910 3380 trs'ditus
921 3337 1001 3382 endem
1013 3335 1052 3382 dis
1063 3337 1204 3398 perimetur:
1221 3337 1256 3383 siu
1271 3338 1295 3384 ei
1306 3339 1390 3386 msiots

247 3443 251 3454 .
295 3405 429 3468 peonisisris
439 3407 541 3466 irrogata
550 3406 628 3462 inerit.
638 3409 699 3455 iutrs
710 3409 763 3456 dies
775 3410 881 3457 undecim
894 3418 947 3471 post
955 3412 1070 3471 iudicium
1081 3413 1164 3470 solrst,
1178 3413 1199 3460 si
1210 3414 1288 3461 statim
1301 3415 1388 3462 soisere

263 3470 267 3474 Α
295 3499 342 3532 nou
353 3483 464 3544 potuerit,
478 3482 552 3530 donec
567 3499 625 3531 sero
642 3484 740 3532 solverit
750 3485 774 3532 in
791 3503 885 3536 carcere
896 3495 1017 3536 teneatur:
1035 3489 1117 3536 iisdem
1127 3505 1198 3551 porro
1208 3490 1343 3539 erim'mihns
1353 3499 1388 3540 te·

296 3568 395 3608 nesntur
405 3559 423 3605 ii
434 3559 503 3606 etism
514 3558 554 3619 qui
567 3559 661 3608 servilia
670 3576 769 3622 corpora
779 3563 895 3611 violarint.

297 3685 443 3746 Fortassis
456 3695 556 3744 autem
569 3685 674 3763 aliquis
688 3687 787 3746 statim
801 3689 928 3761 miretur,
942 3689 1052 3767 quade
1065 3707 1154 3750 causa
1169 3691 1228 3770 legi
1241 3703 1389 3755 contume-

292 3777 341 3837 lite
351 3778 439 3836 etiam
453 3797 599 3837 serrorum
612 3798 719 3838 nomen
727 3780 766 3838 sit
776 3779 966 3861 adscriptum.
989 3783 1024 3842 ld
1040 3801 1108 3843 vero
1119 3783 1144 3843 si
1159 3785 1386 3864 considerabitis,

299 3868 508 3941 Athenienses,
516 3871 646 3930 omnium
654 3871 846 3931 rectissimum
856 3875 1093 3935 esseinrenietis.
1114 3875 1218 3954 Neque
1229 3879 1305 3937 enim
1315 3883 1388 3942 servi

295 3969 387 4022 tantoe
401 3981 479 4021 curre
487 3962 606 4020 fuerunt
613 3962 783 4040 legislatori,
794 3964 846 4022 sed
859 3967 929 4043 quia
940 3985 992 4026 nos
1002 3967 1210 4034 consuefacere
1220 3969 1388 4041 mittitote

296 4051 476 4110 contumelia
487 4051 680 4130 ingenuorum
694 4073 873 4134 magnopere
883 4057 968 4116 nobis
978 4067 1212 4138 temperaremus,
1224 4061 1386 4141 adscripsit,

297 4157 335 4198 ne
349 4143 440 4201 serris
454 4142 571 4219 quidem
585 4145 793 4205 contumeliam
807 4165 871 4204 esse
886 4147 1060 4208 faciendam.
1095 4149 1229 4230 Denique
1243 4153 1292 4232 qui
1306 4153 1334 4212 in
1351 4155 1386 4213 li·

296 4230 368 4289 bera
379 4233 497 4292 civitate
512 4255 686 4314 quacunque
700 4236 729 4295 in
742 4257 773 4295 re
780 4223 994 4300 'contumelium
1007 4243 1128 4316 faceret,
1142 4263 1210 4304 eum
1224 4243 1263 4304 ad
1276 4245 1386 4308 civilem

297 4323 539 4384 consuetudinem
551 4328 667 4386 minime
680 4327 819 4390 idoneum
827 4329 982 4408 judicavit.

338 4415 367 4472 5.
388 4412 485 4491 Atque
497 4415 571 4476 iilud
584 4438 646 4478 usa
657 4438 784 4492 mecum,
804 4421 1012 4500 Athenienses,
1031 4426 1218 4487 memineritis
1237 4425 1333 4502 veiim,
1347 4431 1386 4490 ls-
