2967 5017
366 400 368 405 ,
440 310 607 381 corrue
627 312 848 381 conones.
1129 310 1189 378 rer

150 464 197 535 10.
216 462 284 525 Jeru
307 463 387 544 quid,
407 484 474 525 cum
495 466 644 537 arbitrium
664 466 755 537 beret,
773 465 896 545 egerint,
914 464 998 539 tobis
1016 462 1189 541 midebtt

107 553 235 617 natural
252 554 322 619 inde
335 556 455 618 istorum
472 558 661 639 petulantiam
674 558 867 637 perspicietis.
909 556 1014 617 Noctis
1025 556 1103 615 euim
1115 572 1191 632 paee

106 645 288 727 intempeste
307 658 424 728 captato
439 658 576 731 tempore,
590 668 684 729 oeque
696 649 862 712 memoria
873 648 972 727 legere
984 666 1078 725 neque
1092 663 1191 717 mser·

105 737 157 820 pls
175 738 245 802 dare
266 737 429 810 voluerunt,
452 752 540 821 etque
563 759 662 807 eurum
680 741 731 821 qui
748 742 833 803 uobis
857 739 981 802 ederem
1000 735 1132 815 singulos
1151 734 1193 803 sd

106 848 187 894 mann
197 830 390 907 adduxerunt,
402 842 432 893 et
441 836 577 911 jurarunt
588 841 618 895 et
631 832 793 893 esemona
805 832 983 911 scripserunt
995 829 1068 900 nibil
1080 829 1119 891 sd
1131 846 1193 897 retu

106 922 341 1001 attinentimed
364 924 450 1005 hujus
475 926 600 1005 generis,
624 944 670 985 ex
698 924 914 985 meretrice
940 924 1023 985 sibi
1056 931 1193 989 netu!

104 1032 196 1073 eum
218 1034 381 1095 puerum
413 1028 445 1079 et
472 1034 707 1101 perpessum
735 1035 827 1079 esee
847 1017 930 1079 herc
953 1027 991 1077 et
1013 1014 1104 1088 haec,
1125 1030 1193 1092 quer

104 1104 317 1181 mediusfidius,
330 1108 464 1183 Judicee,
474 1129 561 1171 nemo
573 1110 623 1191 qni
637 1109 739 1171 aderat
760 1129 820 1170 uon
836 1121 867 1170 et
878 1108 1062 1188 vituperabat
1072 1115 1105 1172 et
1114 1113 1193 1185 ussbt

105 1196 237 1261 ferebat:
258 1199 384 1280 denique
404 1199 452 1261 isti
470 1202 558 1263 etiam
579 1201 635 1283 ipsi
659 1202 742 1263 invisi
762 1202 882 1264 habant.
921 1198 1054 1263 Tendere
1062 1198 1126 1279 jam
1138 1196 1192 1261 de·

104 1288 217 1371 fatigati
231 1300 262 1353 et
282 1293 378 1357 sabati
393 1294 456 1355 istis
468 1294 595 1374 ineptiis,
609 1295 790 1376 profitentur,
807 1294 945 1358 eludendi
958 1312 1048 1356 eausa
1061 1302 1093 1355 et
1104 1310 1141 1353 ec
1153 1310 1192 1357 ue

104 1380 200 1445 echini
213 1384 408 1465 signarentur,
421 1387 528 1448 dedere
546 1386 620 1449 velle
634 1408 665 1449 ee
679 1388 716 1449 de
730 1389 828 1469 pingis
840 1406 951 1462 servos,
963 1386 1078 1467 scriptis
1090 1402 1193 1448 eorum

104 1475 290 1541 nominibus:
310 1488 341 1539 et
359 1498 438 1541 neure
451 1482 554 1561 opinor
567 1480 623 1543 hec
641 1480 679 1543 de
700 1501 731 1543 re
749 1480 976 1561 plurimnrerbe
988 1477 1095 1544 factori
1114 1482 1192 1541 rent.

103 1564 172 1648 Ego
188 1587 258 1629 vero
270 1569 353 1629 robis
366 1570 500 1631 erunibus
513 1571 586 1631 iilud
598 1572 844 1633 considerandum
856 1590 975 1644 censeo,
987 1570 1072 1641 istos,
1084 1568 1109 1630 ei
1125 1584 1196 1646 prs-1

99 1666 207 1745 pterea
218 1669 427 1737 pooroousseut
439 1672 472 1721 ut
484 1663 660 1742 questiones
673 1663 848 1729 haberentur
860 1672 891 1725 et
904 1681 940 1721 eo
955 1664 1022 1739 jure
1040 1658 1106 1724 freti
1121 1657 1193 1724 fuit·

100 1760 180 1825 sent,
201 1769 272 1824 uon,
291 1771 360 1817 eum
376 1754 439 1831 jana
462 1755 569 1820 arbiter
593 1755 682 1817 ferret
701 1755 884 1827 mutantium,
900 1764 1002 1827 noctu,
1024 1770 1092 1813 curu
1111 1749 1195 1816 nubs

102 1859 198 1905 oause
211 1842 324 1923 reliqua
343 1855 432 1921 esset,
445 1846 535 1910 fuisse
555 1857 781 1928 provocaturos:
801 1845 856 1908 sed
875 1846 1008 1927 primum,
1023 1841 1193 1906 wimiis·

102 1952 172 1997 uem
184 1933 358 2008 institutam,
371 1938 441 2003 dum
455 1959 512 2019 epo
527 1950 655 2019 egram
669 1940 880 2004 decumbebam
892 1950 924 2001 et
935 1940 1055 2018 ignarus
1067 1955 1106 2002 aa
1126 1952 1194 1998 ers-

101 2044 189 2087 surus
201 2040 298 2090 essem
310 2028 389 2108 apud
407 2032 570 2112 omnesqui
585 2050 630 2093 me
642 2032 778 2096 visebant
789 2031 946 2113 profitebar
964 2028 1097 2109 irbrmpri
1113 2044 1194 2115 muru

103 2117 282 2190 verberasse,
296 2129 327 2180 et
348 2120 535 2199 plurimarum
553 2124 793 2186 contumeliarum
812 2143 887 2203 quas
907 2141 1065 2203 perpessos
1081 2120 1195 2183 taenia

104 2216 256 2273 auctorem
270 2228 346 2299 esse,
361 2220 422 2271 trrm
440 2212 538 2275 stetim
557 2214 656 2275 moltis
674 2216 797 2278 tentione
809 2213 946 2276 adhibitis
956 2212 995 2275 ed
1008 2210 1089 2274 eder
1099 2209 1195 2279 venire

105 2296 218 2374 debuit,
233 2308 297 2361 tum
317 2321 416 2363 servm
436 2304 561 2383 tradere,
574 2315 638 2380 tum
660 2302 775 2383 aliquos
798 2324 836 2379 ex
858 2306 1193 2385 emarcescere

104 2390 136 2451 Si
149 2390 228 2454 enim
240 2391 388 2466 abiissem,
401 2389 480 2473 apud
500 2389 567 2453 ilios
581 2409 672 2455 censa
685 2391 801 2473 agenda
819 2392 932 2458 fuisset
961 2393 1101 2463 'Qirodsi
1119 2390 1194 2455 illud

103 2482 258 2563 ignorant,
277 2491 309 2543 et
330 2484 388 2543 hac
404 2487 471 2563 jure
483 2482 585 2557 fretus,
602 2479 729 2546 ut'nuuc
741 2484 832 2560 dicet,
844 2505 877 2547 ee
895 2484 934 2548 ed
953 2496 1068 2555 mutim
1079 2486 1194 2566 perieu-

104 2574 165 2638 lum
180 2594 241 2638 non
253 2573 382 2656 pararit:
404 2574 508 2635 saltem
522 2584 679 2655 postqum
699 2596 879 2641 enumerem
891 2596 1016 2657 canique
1026 2578 1088 2657 jem
1106 2597 1195 2641 ecco·

105 2668 216 2741 sabana
230 2666 261 2729 iu
280 2666 374 2751 primo
398 2684 561 2746 congressu
584 2667 664 2747 apud
686 2667 825 2729 arbitrum
842 2667 1021 2731 tradidisset.
1061 2669 1194 2738 Quorum

105 2760 157 2829 istc
180 2760 251 2823 nibil
271 2759 352 2824 taric
389 2760 431 2823 Ut
447 2768 547 2821 eutem
562 2780 611 2821 me
624 2779 694 2823 rere
713 2760 821 2836 dicere,
834 2771 923 2841 etque
945 2760 1083 2826 eludendi
1100 2763 1195 2840 graus

106 2861 302 2933 eomparetmu
314 2850 407 2916 fuisse
425 2852 672 2935 provocationem,
686 2863 810 2929 montet,
819 2853 910 2917 recita
921 2854 1192 2927 bremonense.

108 2964 141 3010 ex
149 2963 212 3033 quo
225 2944 256 3011 id
270 2946 324 3006 erit
336 2944 530 3029 perspicuum.

497 3172 804 3238 rnsrrsrournm.
839 3244 843 3249 ,

102 3330 150 3396 iic
171 3330 253 3411 quad
274 3329 313 3391 ad
335 3322 513 3409 quaestiones
537 3331 649 3403 attinet,
662 3325 849 3391 memineritis
871 3340 902 3391 et
918 3329 998 3391 horse
1011 3349 1073 3411 qua
1088 3350 1193 3411 prose·

109 3420 191 3495 oepit,
205 3432 237 3483 et
260 3420 364 3502 qubus
388 3421 426 3485 de
449 3424 546 3487 causis
569 3422 602 3487 id
619 3421 732 3492 fecerit,
745 3433 781 3482 ut
798 3422 892 3502 prime
908 3432 1038 3517 ternpore
1050 3423 1194 3499 eluderet,

107 3512 211 3592 quibus
231 3513 336 3575 illud'
323 3532 376 3594 pus
394 3532 460 3581 suut
481 3533 627 3593 nusquam
640 3514 768 3577 voluisse
781 3514 939 3595 procedere
951 3507 1078 3585 emetat,
1092 3536 1193 3597 neque

108 3606 152 3669 sel
164 3626 351 3688 provocasse,
364 3608 411 3667 rei
425 3607 598 3687 pusvdasse.

148 3702 196 3759 ll
219 3701 293 3769 Qure
306 3718 374 3767 certa
387 3700 485 3767 omnia
504 3708 727 3780 macerentur
741 3642 984 3780 apndrrbitrum,
1003 3696 1194 3777 quenadmo-

110 3792 177 3853 dum
200 3804 233 3852 et
256 3793 336 3872 apud
359 3812 421 3865 voa,
435 3802 592 3872 aperteque
610 3792 811 3854 ostenderetur
827 3810 896 3871 auur
916 3791 1008 3853 maeri
1026 3789 1194 3852 criminibrm

110 3886 271 3955 omnious(
264 3886 421 3965 interponit
442 3886 547 3945 falsum
571 3885 775 3959 testimonium,
795 3895 826 3946 et
846 3894 936 3945 testes
958 3881 1099 3954 inscribit,
1117 3899 1193 3960 qnos

110 3996 161 4037 uec
172 3978 278 4038 vobis
270 3987 387 4057 ignotos
399 3978 461 4040 t'ore
472 3996 591 4049 ceuceu,
605 3986 761 4059 postquam
775 3976 938 4038 audieritist

140 4118 226 4166 Diotiru
228 4116 354 4167 usithiru
357 4118 477 4167 i.eFleri
507 4120 718 4176 sis,eArabbiesed
731 4121 791 4169 Deru
790 4119 859 4167 uetiis
869 4114 1022 4187 Miscendi
1011 4112 1194 4192 nchoerehnpp

108 4191 234 4243 Qudnam
236 4192 428 4244 i.liPittbeusis
430 4135 545 4256 ‚metibus
545 4202 598 4243 narr
611 4196 731 4246 οοοίἰοοοΙ)
748 4210 885 4244 οοοωοοο
857 4178 1193 4249 meanwarorum

110 4232 1194 4399 hm.²dd21ustthiiqumhpupumm,msudarrstmflu

112 4354 193 4408 Μ
270 4362 347 4412 ψ’
