2967 5017
274 343 314 404 st
509 341 569 404 Dii
590 341 704 403 statu
724 341 860 408 Gustu
882 339 1136 406 Ludtrtotts.

315 511 365 570 ³9.
384 491 1068 590 Ais,prims'iegstionstenonsnimadrertisse
1075 527 1172 570 meum
1182 495 1288 570 odntra
1296 496 1383 569 νέην·

274 601 421 683 publicem
436 601 696 680 conspirationem,
712 601 766 662 sed
779 603 809 662 in
821 603 984 684 posteriore
1003 601 1193 673 intellexisse,
1214 602 1325 680 inqua
1349 611 1381 662 te'

273 694 450 774 patrocinari
463 694 533 752 mihi
547 702 674 754 constat.
713 693 843 752 Etcum
864 693 943 754 illum
966 694 1079 754 interim
1093 711 1228 760 accuses,
1248 710 1382 752 accusa·

273 786 383 846 tionem
404 783 502 846 tamen
525 785 712 845 dissimulas:
742 786 819 846 hnnc
839 805 907 846 vero
931 805 1064 856 accuses,
1085 805 1146 862 qun
1163 785 1379 866 jusjurandum

274 878 436 956 exegimus.
475 876 570 954 Atqui
587 877 612 935 si
632 895 735 956 pacem
758 877 914 957 vituperas,
928 887 959 936 tu
974 877 1063 936 etism
1077 877 1250 948 societatem
1272 877 1383 935 decre·

274 968 353 1028 visti.
379 968 419 1028 Et
431 967 595 1048 Philippus,
609 969 635 1027 si
648 987 707 1046 qus
718 967 750 1028 in
769 988 802 1027 re
816 970 916 1047 uphem
931 956 1106 1048 decipiebdt,
1123 963 1280 1046 prdpterea
1293 979 1382 1027 men·

274 1061 412 1131 tiebatur,
421 1069 530 1118 uteam
542 1069 770 1137 consequeretur
778 1077 894 1144 pncem,
905 1075 999 1136 qums
1012 1067 1205 1118 resuaesset.
1231 1057 1309 1117 Hmc
1323 1060 1383 1135 igi-

274 1157 323 1210 tur
336 1151 412 1211 ratio
428 1151 533 1229 prioris
551 1150 708 1229 legetionis
721 1151 794 1212 fuit:
816 1151 958 1230 posterior
970 1159 1079 1219 entem,
1096 1150 1184 1210 rebus
1198 1149 1262 1228 jem
1276 1151 1383 1212 coni&

275 1242 331 1302 ctis
343 1243 424 1302 lectn
433 1254 490 1301 est.
512 1243 587 1308 Qun
599 1243 689 1320 igitur
701 1243 731 1302 in
746 1263 782 1302 ea
796 1243 915 1303 fraudes
929 1241 1066 1302 inerunti
1087 1240 1164 1300 Nam
1179 1251 1307 1319 quantus
1321 1241 1382 1302 iste

274 1334 313 1393 sit
327 1334 480 1414 impostor,
494 1336 611 1414 exejus
625 1336 757 1393 oratione
771 1335 931 1414 colligitur.
1376 1349 1379 1354 ·

312 1429 363 1485 40.
385 1426 446 1498 Ait,
456 1445 505 1484 me
517 1435 608 1485 noctu
620 1443 674 1503 per
689 1423 811 1502 Lydiam
825 1443 941 1485 amnem
960 1426 1061 1485 celoce
1075 1426 1113 1484 nd
1134 1425 1304 1504 Philippum
1317 1435 1381 1487 tra·

268 1517 388 1596 jecisse,
410 1526 441 1576 et
457 1517 557 1574 literas
570 1535 636 1593 quse
649 1515 709 1572 huc
729 1513 827 1572 missen
846 1524 927 1584 sunt,
950 1513 1085 1592 Philippo
1107 1514 1270 1593 scripsisse.
1300 1519 1380 1578 Nam

264 1607 481 1676 ,leosthenem
508 1605 558 1684 qui
578 1613 697 1684 propter
720 1605 949 1664 calumniatores
971 1605 1044 1664 urbe
1066 1605 1192 1676 exsulet,
1218 1625 1281 1666 non
1304 1611 1379 1668 setis

271 1697 411 1758 habuisse
420 1697 605 1760 dexteritatis
620 1695 841 1757 adscribendus
854 1695 971 1764 liternsz
993 1691 1124 1774 quamvis
1133 1696 1192 1757 sint
1203 1700 1254 1776 qui
1263 1699 1379 1768 dicant,

271 1811 338 1852 eum
348 1800 416 1870 post
427 1791 627 1850 Callistratum
637 1788 834 1868 Aphidnaeum
846 1788 977 1848 omnium
988 1787 1080 1848 fuisse
1094 1789 1378 1868 eloquentissimum.

273 1885 379 1964 Neque
393 1885 489 1963 ipsum
505 1883 683 1961 Philippum,
702 1897 805 1942 contro
819 1899 906 1961 quem
919 1899 972 1942 ros
986 1880 1201 1952 Demosthenes
1216 1881 1378 1946 defendere

149 2021 152 2027 .
271 1995 332 2037 non
354 1969 459 2055 potnit.
489 1975 594 2053 Neque
608 1974 781 2054 Byzantium
803 1973 978 2054 Pythonem,
997 1971 1145 2032 hominem
1163 1975 1213 2052 qui
1227 1975 1377 2037 scribendi

272 2075 366 2128 ortem
379 2067 460 2126 laudi
474 2066 528 2125 sibi
542 2066 634 2135 ducit,
652 2065 705 2124 sed
717 2083 785 2124 mea
797 2065 910 2125 scilicet
922 2081 1012 2143 opera
1025 2063 1063 2123 ad
1077 2082 1138 2123 rem
1158 2065 1376 2128 conficiendam

165 2169 180 2198 ·.
271 2159 363 2218 fnisse
377 2177 461 2237 opus.
482 2157 564 2216 Alius
577 2155 662 2228 dicis,
673 2175 721 2216 me
735 2165 815 2235 saepe
829 2155 956 2216 interdiu
965 2156 1060 2216 solum
1073 2175 1143 2216 cum
1156 2158 1222 2218 solo
1235 2159 1376 2240 Philippo

271 2271 338 2312 esse
348 2250 536 2322 collocutum,
546 2248 798 2320 olinscriminuris,
810 2269 857 2308 me
866 2258 954 2308 noctu
964 2249 1083 2310 durium
1092 2248 1254 2328 trajecisse.
1270 2252 1376 2331 Usque

272 2344 349 2404 sdeo
360 2343 510 2403 nocturnis
524 2342 615 2401 literis
629 2342 686 2401 fuit
698 2361 783 2419 opus.
805 2341 847 2398 Te
861 2349 961 2400 autem
980 2341 1053 2400 nihil
1067 2341 1164 2402 dicere
1177 2343 1249 2414 reri,
1263 2331 1377 2406 adsunt

272 2426 324 2513 qui
338 2442 493 2504 testentur,
512 2432 616 2490 licum
637 2432 744 2510 quibus
758 2431 837 2492 rictu
853 2433 1001 2492 communi
1022 2451 1088 2492 sum
1104 2451 1186 2506 usus,
1205 2434 1375 2514 Agleocreo

270 2523 430 2596 Tenedios,
444 2533 476 2582 et
489 2522 627 2582 latrocles
642 2522 832 2602 Pasiphontis
848 2521 934 2596 filius,
948 2541 1015 2584 curn
1030 2525 1136 2604 quibus
1149 2526 1230 2584 omni
1242 2537 1376 2607 tempore

273 2617 456 2678 ‘continenter
468 2613 591 2695 singulis
606 2616 742 2676 noctibus
752 2615 890 2687 dormiri,
909 2615 959 2694 qui
974 2616 1084 2676 conscii
1098 2626 1176 2688 sunt,
1193 2637 1241 2678 me
1256 2620 1376 2681 nullam

272 2728 402 2789 unqunm
413 2718 540 2780 noctem,
551 2717 604 2767 aut
614 2707 710 2768 noctis
722 2717 837 2787 partem
851 2727 870 2766 a
879 2726 912 2767 se
923 2707 1065 2767 abluisse.
1086 2709 1269 2769 Adducimus
1283 2712 1377 2772 etiem

270 2803 409 2872 stimulos,
420 2811 452 2861 et
463 2799 503 2860 ed
515 2801 709 2880 questionem
723 2800 839 2870 damus,
855 2817 891 2858 sc
904 2799 1076 2870 orationem,
1090 2799 1115 2859 si
1128 2802 1309 2861 concesserit
1320 2809 1377 2864 nc·

268 2890 398 2967 cusator,
408 2898 520 2956 omitto.
534 2895 648 2956 Adesto
659 2905 757 2954 sutem
770 2894 901 2955 carnifex
908 2894 978 2972 jum,
989 2905 1020 2952 et
1029 2901 1127 2952 corum
1135 2895 1378 2974 vobistorqueat,

269 2988 295 3048 si
310 2988 465 3068 jusseritis.
494 2987 572 3046 Satis
592 2986 689 3046 adhuc
715 2987 782 3048 diei.
797 2985 940 3062 reliquunt
966 2993 1013 3042 est
1038 2983 1085 3043 nd·
1101 2983 1165 3044 hsec
1189 2989 1374 3065 peragenda

269 3079 349 3140 Nem
363 3075 521 3141 ‹b'stributo
533 3078 591 3138 diei
605 3091 747 3156 tempore,
763 3077 801 3134 ad
815 3075 952 3134 undecim
967 3093 1051 3160 aque
1063 3075 1219 3154 amphoras
1233 3079 1377 3142 accusor.

268 3172 388 3236 Quodsi
398 3171 429 3228 in
439 3170 602 3247 questione
610 3168 745 3237 dixerint,
756 3185 803 3224 me
812 3181 941 3244 unquam
951 3167 989 3224 ab
998 3165 1044 3225 his
1051 3167 1268 3228 convictoribus
1276 3169 1375 3231 ollem

173 3239 179 3258 ¹
269 3271 388 3320 noctem
398 3260 536 3331 abluisse,
549 3256 737 3335 nepsrcitote
752 3257 832 3330 mihi,
844 3257 1051 3328 Athenienses,
1067 3259 1120 3317 sed
1134 3258 1376 3340 surgite-meque?

270 3350 438 3410 occiditote.
467 3347 521 3406 Sin
538 3357 582 3416 tu,
606 3346 833 3420 Demosthenes,
849 3347 995 3409 mendacii
1015 3349 1168 3409 convictus
1191 3351 1292 3424 tueris,
1315 3351 1376 3414 has

270 3443 342 3503 dato
354 3459 475 3522 poeuas:
494 3439 635 3501 confitere
656 3459 755 3500 coram
773 3441 831 3512 his,
852 3453 883 3501 te
896 3440 1063 3502 semivirum
1077 3459 1153 3513 esse,
1165 3453 1196 3502 ct
1206 3445 1267 3505 ison
1286 3445 1376 3524 irge-

268 3552 370 3596 nuum.
403 3534 530 3594 Accerse
550 3531 620 3592 mihi
634 3549 734 3594 servos
748 3533 808 3594 huc
820 3533 859 3596 ad
877 3533 1017 3606 tribunal,
1037 3541 1068 3592 et
1078 3532 1259 3614 colleganum
1278 3537 1377 3599 recita

270 3625 483 3690 testimonium.

453 3791 458 3799 ·
507 3782 816 3846 rssmuouturu.
845 3741 1126 3870 Ρηόνοὸινιίο.Ι

269 3913 398 3981 Quando
417 3921 516 3973 autem
537 3902 776 3992 provocationem
795 3915 938 3993 repudiet,
960 3928 1057 3991 neque
1082 3903 1116 3972 se
1134 3913 1374 3984 commissurum,

269 4010 321 4077 ait,
335 4015 369 4065 ut
381 4006 591 4084 mancipiorum
606 4009 731 4084 questio
745 4007 839 4066 lraudi
853 4008 908 4066 sibi
929 4007 977 4076 sit,
1000 4021 1072 4083 cepe
1090 4005 1145 4065 hus
1163 3997 1273 4082 literne,
1295 4023 1375 4084 ques

269 4099 422 4180 Philippus
436 4099 523 4159 misit.
552 4098 641 4158 Unde
654 4109 779 4174 constet,
794 4119 861 4158 eum
874 4099 989 4188 mugnis
1001 4099 1032 4158 in
1045 4097 1133 4157 rebus
1143 4098 1284 4178 decipere
1298 4097 1376 4158 civi-

255 4197 369 4262 tatem,
389 4195 423 4250 ut
434 4191 473 4251 ob
486 4209 537 4250 eos
557 4189 656 4250 literas
671 4191 841 4278 scribendus
856 4190 944 4250 luerit
956 4189 1039 4250 nobis
1053 4189 1279 4250 lucubrandum.

734 4343 902 4403 LlTERAE.

269 4455 388 4528 Audito,
402 4457 609 4532 Athenienses,
623 4461 673 4531 ait,
688 4481 720 4522 se
730 4429 852 4522 ⁴dedisse
861 4457 1067 4541 jquurnndunr
1088 4410 1199 4522 restris·
1209 4459 1327 4539 legatis,
1343 4473 1375 4538 et
