2967 5017
469 347 513 407 IN
536 345 869 418 camiaflouram.
1082 347 1085 355 ’
1177 349 1221 410 89
1315 431 1322 450 ⁰

122 502 461 582 sensissemque
472 501 800 582 appellaturcoaeilium
810 499 1019 564 maculatim.
1041 501 1225 568 Quaautem'
1350 535 1353 542 ,

123 595 235 658 ratione
252 595 405 673 atquibus
422 596 560 675 improbis
580 593 745 674 pungite,
763 593 794 654 id
815 613 894 656 nunc
915 612 1012 672 operm
1026 593 1151 671 pretium
1170 603 1219 654 eat

123 686 236 746 audire.
267 687 357 750 Venit
371 688 451 750 enim
463 706 524 748 non
531 689 594 768 jam
607 707 660 766 par
673 687 800 764 legatos,
815 685 868 749 sed
890 684 953 764 ipse
967 685 1005 762 ad
1025 704 1077 746 vos
1098 683 1218 760 esulae,

124 787 157 836 et
169 797 340 857 progressus
353 781 384 839 in
403 781 574 843 conclonem
595 767 754 841 orationem
777 777 880 838 habuit
903 778 959 838 sibi
980 796 999 838 a
1019 777 1219 839 Demosthene

124 868 314 934 elaboratam.
343 871 474 932 Diuites
494 889 588 950 nuper
602 891 638 931 ex
658 869 865 948 Peloponneso
886 871 1009 940 vennae,
1027 870 1067 928 ibi
1081 869 1219 948 stipendii

123 963 280 1026 collectam
293 965 433 1026 adversm
455 963 621 1043 Philippum
640 963 679 1022 au
697 975 815 1022 centum
836 963 948 1022 talenta
965 963 1109 1040 exegisse,
1132 961 1221 1024 reuo-

123 1072 252 1132 nemque
264 1055 366 1134 inibat,
379 1066 531 1134 quantum
545 1073 678 1134 quosque
699 1054 824 1132 populos
844 1054 978 1114 conferre
1000 1063 1155 1131 oporteret,
1179 1054 1220 1112 A·

124 1145 224 1209 obmos
236 1165 339 1209 omnes
351 1160 383 1208 et
402 1149 597 1225 Megarenses
620 1145 731 1207 talenta
748 1148 910 1224 sexaginta,
926 1147 1074 1206 Euboicae
1089 1146 1221 1207 civitatee

124 1237 276 1299 universas
294 1239 510 1318 quadraginta:
530 1238 577 1297 his
591 1238 722 1317 pecuniis
734 1257 823 1316 posse
835 1239 996 1317 comparari
1010 1249 1040 1298 et
1053 1239 1178 1300 classem
1191 1245 1223 1301 et

124 1329 225 1406 copias
239 1330 415 1408 pedestresz
436 1348 502 1388 esse
521 1348 609 1407 porro
632 1328 740 1388 multos
763 1329 935 1388 Graecorum
960 1329 1042 1398 alios,
1062 1329 1113 1407 qui
1132 1328 1229 1407 hujus.

123 1420 290 1484 collationis
303 1432 416 1500 partem
430 1422 529 1482 subire
543 1421 663 1495 vellent,
676 1421 718 1482 ita
730 1441 828 1500 neque
842 1422 976 1502 pecunie
989 1439 1085 1498 nequa
1098 1421 1223 1485 militum

124 1511 188 1569 lore
201 1513 363 1593 penudam.
407 1515 507 1591 Atque
520 1513 585 1576 hee
597 1515 713 1592 quidem
734 1524 836 1593 aperta
849 1534 935 1574 esee:
954 1515 1026 1574 alias
1044 1523 1142 1572 autem
1158 1531 1223 1572 mo·

125 1599 171 1658 liri
185 1621 217 1661 ee
231 1604 329 1663 aiebat
340 1623 387 1662 res
402 1623 533 1675 mennas,
549 1625 672 1682 quarum
686 1616 778 1664 testes
793 1625 858 1664 esse
879 1605 1036 1664 nonnullos
1051 1604 1157 1662 civium
1173 1623 1224 1691 ve·

125 1700 271 1760 atrorum
295 1704 445 1773 postrmo
470 1696 643 1753 nominatim
672 1693 903 1754 Demosthenem
932 1695 1106 1772 advocabat,
1132 1703 1224 1772 utque

124 1783 375 1857 hoeeunasecum
389 1782 715 1843 dicendo‘conlirmaret
730 1786 857 1862 petebat.
887 1786 945 1846 Hie
967 1804 1036 1845 vero
1050 1783 1153 1863 pandi
1170 1783 1224 1844 ad·
1354 1775 1357 1781 ’

125 1874 246 1933 Mam
256 1875 377 1934 mesu
388 1875 420 1934 in
432 1873 559 1934 medium
572 1893 747 1954 progressus
759 1875 878 1936 mirifice
891 1877 1031 1936 laudabat
1044 1875 1179 1955 Calliam,
1193 1885 1226 1940 at

46 2042 59 2051 ·
126 1969 271 2026 moeniae
283 1966 436 2050 comcium
449 1985 515 2026 ease
527 1966 704 2026 simulabat:
731 1967 910 2046 legationem
920 1981 1045 2028 autem
1059 1984 1092 2028 se
1103 1969 1223 2042 obitam,

124 2033 189 2117 lum
211 2058 241 2116 in
256 2057 460 2136 Peloponneso
479 2067 542 2117 tum
564 2057 595 2115 in
616 2057 796 2131 Acarnania,
808 2060 885 2119 velle
899 2045 1004 2140 sejam
1017 2059 1101 2122 vobis
1115 2067 1229 2122 renum«

123 2149 198 2210 tiana
211 2145 338 2210 dicebat.
359 2150 508 2210 Orationis
520 2167 608 2227 porro
622 2149 687 2228 ejus
700 2149 767 2210 haec
778 2167 893 2212 summa
906 2161 979 2224 erat,
990 2151 1222 2231 Peloponnesios

90 2315 99 2328 ,
124 2261 237 2313 onmes,
249 2261 412 2322 omnaaqae
423 2244 495 2331 item
505 2243 675 2304 Acarnanes
688 2261 754 2304 esee
763 2261 782 2304 a
792 2263 824 2304 aa
834 2243 936 2304 ordina
945 2244 1108 2324 descriptos
1118 2243 1158 2304 ad
1170 2262 1224 2322 pe·

126 2335 243 2394 minian
257 2334 410 2396 'ammana
431 2334 600 2414 Philippum
622 2335 849 2397 conferendam:
866 2325 1101 2416 'ducripuonem
1125 2343 1224 2399 autam

126 2443 193 2485 eam
212 2445 281 2485 esse
295 2427 415 2496 factm,
438 2444 505 2504 quea
524 2426 564 2486 ad
583 2436 704 2488 centnm
727 2447 819 2490 naves
838 2429 983 2489 actuariae
1002 2426 1164 2500 ornandas,
1184 2427 1225 2488 ad

126 2517 233 2577 mecm
244 2516 337 2576 millia
347 2516 492 2594 peditam,
501 2519 615 2595 equites
627 2519 708 2579 mille
718 2521 841 2582 alendos
857 2530 1041 2602 suppeteret:
1065 2520 1111 2582 hia
1124 2537 1226 2582 acces·

126 2627 211 2668 mnas
232 2606 415 2686 singularum
427 2607 518 2666 &am
535 2608 685 2668 civitatum
704 2611 817 2687 copias,
830 2627 866 2670 ex
880 2611 1086 2688 Peloponneso
1099 2610 1226 2690 amplus

127 2700 189 2761 cao
200 2699 293 2758 millis
309 2699 406 2778 grana
426 2707 595 2770 uramara,
616 2717 654 2758 ex
674 2699 839 2760 Acarnania
856 2701 979 2762 totidem
999 2701 1109 2760 altera:
1127 2701 1226 2763 abhis

128 2792 263 2852 omnibns
275 2791 408 2852 delatum
419 2791 498 2850 ultro
506 2791 590 2851 vobis
600 2809 667 2852 asse
678 2791 870 2871 principatum
882 2813 891 2852 ι
912 2811 1009 2871 neque
1021 2811 1091 2852 vero
1103 2793 1227 2870 longum

127 2885 192 2943 lore
204 2902 273 2942 um
291 2883 355 2942 buc
375 2883 594 2963 perficerentur,
612 2883 668 2943 sed
681 2882 880 2944 andecimum
902 2893 1018 2944 matum
1038 2884 1147 2944 mensis
1162 2884 1225 2945 An·

129 2975 337 3045 theemnonis3
361 2973 487 3054 singtilis
499 2974 576 3034 enim
589 2973 756 3038 civitatibus
770 2993 789 3034 a
801 2994 833 3034 se
845 2975 1019 3055 poedmnm
1031 2993 1099 3035 esse
1119 2995 1155 3036 ac
1175 2974 1227 3036 de·

129 3068 306 3138 moestum,
320 3076 355 3126 ut
365 3085 468 3128 omnes
482 3067 615 3128 Athenas
628 3065 661 3125 in
674 3067 832 3127 concilium
848 3067 1038 3127 convenirent
1048 3065 1087 3148 qd
1100 3065 1229 3144 plenilu-

129 3161 222 3219 nium.
247 3160 364 3220 Etenim
377 3159 454 3220 hanc
467 3159 623 3221 sibihomo
635 3159 783 3239 propriam
796 3169 827 3218 et
844 3177 904 3218 nnn
920 3159 983 3238 jam
1003 3158 1132 3219 omnium
1146 3173 1227 3218 com-

131 3270 250 3311 munem
264 3252 354 3312 habet
375 3253 556 3312 facultatem.
586 3252 685 3311 ceteri
704 3252 783 3310 οηίω
803 3250 950 3328 vaniloqui
970 3255 1141 3326 jactatores,
1159 3264 1228 3313 oum

130 3344 407 3422 qaid'mentiantor,
419 3343 492 3401 dant
502 3361 620 3422 operam
632 3352 667 3402 ut
675 3341 828 3401 indefinita
839 3342 976 3421 quasdam
987 3351 1019 3401 et
1029 3343 1153 3402 omenta
1162 3359 1228 3420 pro-

67 3443 77 3456 ·
131 3435 237 3503 ierant,
251 3433 335 3493 veriti
355 3452 395 3492 ne
415 3444 633 3512 coarguantm:
654 3443 686 3492 at
706 3431 932 3505 Demosthenes,
953 3431 977 3493 si
998 3432 1071 3512 quid
1090 3453 1230 3512 arrogan-

131 3527 191 3585 tius
201 3524 354 3603 eonlingit,
363 3524 487 3604 primum
499 3525 618 3603 quidem
628 3524 754 3604 perjurio
763 3525 946 3586 mendacium
957 3524 1098 3597 cumulat,
1108 3523 1233 3588 saltim
1360 3537 1363 3542 ’

130 3616 186 3677 nni
199 3616 373 3694 imprecans,
386 3616 504 3686 deinde,
518 3635 584 3695 quaa
599 3624 681 3674 cerlo
695 3615 752 3675 scit
763 3633 914 3693 nunquam
927 3614 1035 3688 futura,
1049 3614 1138 3676 audet
1150 3615 1228 3675 affir-

132 3727 223 3778 mare,
237 3708 349 3767 ratione
362 3707 450 3766 etiam
463 3707 537 3766 inita
549 3707 670 3786 quando
683 3706 744 3766 sint
760 3717 900 3780 eventura
921 3705 1032 3776 definit,
1053 3717 1084 3766 et
1100 3725 1174 3786 quos
1192 3727 1229 3766 ne
1360 3738 1364 3746 »

109 3809 113 3816 ’
132 3800 172 3860 de
191 3800 266 3860 facie
278 3799 396 3882 quidem
411 3799 502 3870 novit,
522 3819 624 3860 eorum
637 3801 757 3859 nomina
769 3797 801 3856 in
814 3815 865 3856 ore
877 3797 976 3870 habet,
994 3799 1111 3860 auribue
1125 3798 1229 3860 vestris

132 3894 256 3962 mens,
268 3910 379 3969 eosque
389 3891 440 3969 qui
452 3909 523 3952 vera
535 3891 696 3970 loquuntur
715 3891 853 3950 imitatus.
880 3888 1025 3958 Quocirca
1047 3901 1078 3952 et
1099 3892 1169 3953 odio
1181 3893 1230 3958 vel

135 3983 322 4044 acerbissimo
334 3983 443 4062 dignus
456 3993 512 4057 eet,
525 3984 605 4063 quod
616 3984 766 4062 improbus
779 4001 846 4044 cum
859 3983 896 4044 sit
911 3984 1034 4046 virorum
1045 4001 1162 4061 quoque
1176 3985 1231 4044 bo·

135 4093 241 4136 amun
260 4075 368 4137 indicia
379 4075 548 4155 corrumpit.
581 4075 638 4136 His
660 4075 748 4154 igitur
767 4075 855 4136 dices
875 4076 1026 4138 decretam
1050 4075 1103 4134 dat
1125 4074 1232 4136 seribm

136 4167 328 4239 menduc,
342 4167 435 4228 Iliade
449 4168 572 4246 quidem
584 4169 737 4247 prolixius,
756 4168 853 4228 verbis
866 4181 975 4239 autem,
1000 4165 1162 4245 que-loqui
1182 4187 1232 4230 eor

137 4258 188 4330 let,
200 4268 231 4318 et
249 4259 321 4331 vita,
334 4279 424 4337 quma
437 4259 511 4338 egit,
529 4261 657 4334 inanius,
676 4279 730 4338 spe
749 4259 874 4338 &nique
890 4259 994 4324 fetae
1013 4268 1045 4320 et
1056 4258 1232 4324 emacitibus
