2967 5017
269 346 328 404 uto
697 333 929 408 errarem

269 507 386 560 etaim
398 499 616 562 manuam
628 502 707 563 illam
721 503 849 582 corporis
861 501 971 583 perpeti
984 519 1042 562 nnn
1054 507 1194 580 poteram.
1220 497 1363 580 Denique

267 603 298 652 et
318 612 370 655 ιοι
391 613 452 655 nnn
475 595 715 674 nollepntabam
738 595 818 656 illarn
840 595 1044 656 contumeliam
1068 613 1116 654 me
1137 592 1275 672 effugere,
1288 599 1362 672 quse

267 704 362 764 neque
385 705 438 748 ros
461 689 616 767 quicquam
633 687 755 767 jurabat
776 696 807 747 et
826 705 874 746 me
888 686 1039 766 perdebat.
1080 685 1132 744 Me
1154 693 1252 745 autern
1269 686 1365 744 vestri

267 797 363 858 neque
376 784 548 858 cujusquam
568 780 687 841 alterius
706 780 797 840 fuisse
816 778 990 852 studiosum,
1003 778 1101 839 multis
1119 775 1234 837 indiciis
1254 777 1364 855 depre-

268 870 413 932 hendetis.
454 872 531 932 Nam
544 882 575 932 et
586 874 616 932 in
629 874 730 933 urbem
744 893 791 932 me
801 871 919 944 contuli,
933 891 994 932 non
1007 871 1037 930 in
1051 889 1109 950 qua
1121 889 1167 928 rue
1181 867 1363 947 splendidis·

268 963 341 1023 sime
359 961 503 1024 victurum
522 964 709 1038 confiderem,
723 964 776 1025 sed
788 985 847 1043 quo
860 965 946 1026 etiarn
963 964 1087 1044 majores
1105 974 1233 1036 nostros,
1248 962 1363 1023 Persici

266 1053 336 1113 belli
356 1054 569 1116 discriminibus
591 1056 814 1128 circumventos,
827 1056 942 1118 venisse
963 1057 1102 1127 sciebam,
1117 1063 1148 1114 et
1171 1074 1260 1133 quarn
1276 1055 1364 1114 robis

266 1165 333 1206 esse
345 1147 646 1208 benevolentissimam
660 1149 869 1228 intelligebam.
911 1149 1074 1209 Estautern
1089 1147 1362 1220 eaTroeaeniorum‚
1470 1153 1471 1168 ¹

268 1238 317 1298 cui
337 1257 440 1317 precor
460 1249 493 1298 ut
515 1239 556 1299 dii
580 1242 764 1319 potissimum
785 1241 963 1302 immortales
986 1251 1049 1300 tum
1071 1241 1109 1299 ob
1127 1239 1363 1298 benevolentiam

268 1349 339 1411 erga
359 1350 411 1391 vos
426 1342 490 1392 tum
502 1333 541 1392 ob
552 1332 661 1392 collata
674 1334 704 1390 in
717 1352 765 1392 me
779 1333 919 1393 beneficia
938 1335 1014 1393 bene
1027 1332 1117 1392 velint
1129 1351 1244 1404 ornnes,
1255 1331 1364 1390 deinde

267 1433 344 1484 utet
356 1443 412 1503 ego
426 1443 445 1484 a
457 1424 540 1482 vobis
554 1436 744 1483 conservatus
756 1424 879 1502 gratiam
892 1424 1000 1482 referre
1016 1423 1136 1502 possins.
1178 1423 1213 1481 ln
1225 1441 1364 1504 quaeum

266 1515 386 1595 quidam
400 1515 583 1594 gratifieandi
596 1515 666 1576 milri
680 1514 788 1588 studio,
801 1533 854 1574 vos
868 1516 906 1574 ob
919 1514 1006 1574 istum
1023 1514 1053 1572 in
1074 1533 1121 1572 me
1141 1513 1301 1571 admissum
1315 1533 1364 1573 er·
1470 1527 1471 1542 ¹

268 1626 362 1669 rorem
385 1607 596 1686 reprehendere
613 1617 797 1680 conarentur,
818 1625 874 1686 ego
890 1625 1004 1668 summa
1017 1623 1076 1684 que
1088 1623 1135 1662 me
1157 1602 1256 1664 decuit
1270 1609 1363 1687 aequi·
1470 1631 1471 1640 ι

269 1709 328 1760 tate
337 1720 390 1760 vos
399 1699 528 1760 defendi.
552 1701 683 1781 Eamque
695 1702 734 1762 ob
748 1719 868 1760 causam
881 1699 910 1758 in
921 1698 1021 1777 primis
1030 1696 1140 1757 factum
1154 1715 1219 1756 esse
1231 1696 1365 1768 arbitror,
1470 1723 1471 1734 ι

270 1802 305 1853 ut
324 1792 395 1852 milri
414 1792 508 1852 honos
528 1794 647 1872 publice
670 1794 835 1855 baberetur.
878 1792 954 1852 Cum
975 1810 1044 1851 veru
1065 1789 1218 1850 hominum
1236 1789 1367 1848 benevo-

268 1885 386 1945 lentiam
407 1884 550 1964 insignem
565 1886 683 1966 quidem
702 1886 793 1959 illam,
811 1885 871 1946 sed
894 1884 969 1944 vires
993 1885 1023 1943 in
1045 1881 1202 1962 presentie
1222 1901 1289 1941 esse
1310 1882 1365 1939 rni-

269 1995 366 2050 nores,
389 1995 548 2051 cernerem,
569 1979 719 2058 digressus
740 1981 770 2038 in
792 1976 923 2056 Neptuni
945 1976 1084 2056 templum
1103 1973 1136 2034 in
1157 1975 1296 2034 Calauria
1316 1995 1367 2034 me
1470 2017 1471 2020 η

270 2070 393 2143 contuli,
406 2089 466 2129 non
482 2070 570 2130 modo
591 2061 811 2150 quodpropter
833 2069 959 2128 numinis
979 2067 1148 2147 religionem
1162 2085 1210 2126 me
1225 2066 1265 2124 ibi
1279 2067 1366 2127 tutio·
1470 2063 1471 2114 l

270 2179 333 2219 rern
355 2161 417 2220 lore
434 2162 701 2240 spero—necenim
713 2162 745 2221 id
761 2162 945 2242 exploratum
959 2160 1074 2222 habeo:
1096 2179 1164 2220 narn
1177 2179 1243 2239 quoe
1266 2179 1313 2219 res
1333 2162 1365 2220 iu

270 2253 392 2314 aliorum
405 2264 551 2332 potestate
565 2255 629 2314 sitae
643 2263 722 2327 sunt,
736 2273 780 2317 eoe
795 2273 878 2333 spem
892 2264 1008 2315 tenuem
1026 2263 1057 2314 et
1080 2254 1233 2313 obscuram
1250 2249 1367 2331 pericli-
1470 2235 1471 2280 ³

271 2349 346 2407 tanti
359 2348 599 2427 suppeditant—,
614 2348 667 2408 sed
685 2367 721 2406 eo
741 2348 829 2406 etiam
845 2349 926 2425 quod
948 2347 1017 2408 hine
1035 2346 1167 2427 quotidie
1183 2345 1308 2426 patriam
1320 2345 1367 2404 in-

273 2449 367 2512 tueor,
389 2440 420 2497 in
444 2459 531 2518 qnam
553 2449 643 2498 tantoe
661 2438 730 2498 mihi
754 2459 817 2498 sum
840 2439 1052 2499 benevolentiae
1066 2440 1213 2512 conscius,
1227 2448 1365 2517 quantum
1470 2453 1471 2512 l

271 2531 383 2590 utinam
405 2529 519 2592 avobis
537 2549 708 2610 consequar.
751 2531 798 2591 Ne
819 2531 915 2610 igitur,
929 2531 1134 2604 Athenienses,
1150 2531 1258 2591 diutins
1279 2531 1368 2590 etiam
1470 2561 1471 2592 ;

272 2622 319 2682 bis
341 2623 426 2684 malis
444 2643 546 2704 angar,
559 2644 596 2684 ea
616 2624 686 2683 mihi
710 2624 903 2695 decennitate,
918 2641 985 2702 quoe
1000 2625 1062 2702 jam
1076 2623 1141 2684 aliis
1154 2643 1273 2702 quoque
1293 2641 1370 2682 nun·
1470 2613 1471 2624 ἶ

273 2716 362 2777 nullis
383 2717 533 2789 tribuistis,
545 2727 580 2776 ut
601 2736 696 2796 neque
718 2717 871 2796 indignum
884 2715 968 2777 vobis
989 2715 1097 2793 aliquid
1121 2717 1193 2772 mihi
1207 2715 1371 2788 usuveulat,
1470 2735 1471 2762 ³

272 2809 446 2888 nequealiis
459 2808 621 2888 supplicare
642 2828 749 2888 cogar:
770 2807 801 2867 id
825 2807 905 2888 quud
926 2827 981 2868 nee
994 2806 1076 2866 vobis
1099 2805 1257 2865 honesturn
1278 2817 1369 2866 esset.
1470 2787 1471 2840 Ὗ

275 2901 364 2975 Nam,
377 2903 402 2960 si
414 2911 513 2962 vestra
525 2901 677 2962 iracundia
689 2900 800 2981 placari
815 2899 886 2959 mihi
898 2899 979 2960 nulla
988 2899 1100 2960 ratione
1113 2907 1221 2978 potest,
1235 2893 1308 2959 muri
1321 2919 1369 2959 me
1470 2917 1471 2920 ’

275 2995 452 3075 prostiterit.
493 2995 565 3055 Jnre
586 3004 683 3055 autem
704 2993 762 3052 boc
787 2993 883 3052 animo
905 3011 970 3052 esse
990 3011 1150 3072 meaeque
1169 2991 1231 3052 sine
1251 3011 1281 3050 re
1303 2991 1369 3053 hese

269 3087 384 3167 jactare
402 3088 550 3150 credetis:
569 3107 637 3147 narn
661 3096 693 3145 et
714 3093 839 3145 vestram
858 3085 1061 3145 anctoritatem
1082 3084 1155 3145 subii
1178 3093 1208 3144 et
1223 3083 1369 3164 judicium

275 3197 340 3238 non
353 3178 574 3251 detrectarunt
590 3196 687 3256 neque
712 3177 862 3236 veritatem
884 3175 1067 3238 indefensam
1089 3177 1252 3239 desererem
1276 3197 1370 3258 neque
1470 3169 1471 3172 ¹

275 3278 403 3328 vestrum
416 3269 569 3349 quisqam
583 3269 613 3328 in
626 3287 674 3329 me
686 3277 864 3348 potestatem
877 3289 936 3362 non
949 3269 1081 3342 haberet,
1096 3271 1149 3331 sed
1163 3280 1195 3328 ut
1207 3279 1305 3362 restro
1324 3289 1370 3330 ar-

275 3359 383 3420 bitratu
403 3361 442 3420 de
465 3379 514 3421 me
537 3361 719 3422 statueretis:
740 3361 900 3423 arbitrabar
924 3364 1002 3424 enim
1023 3363 1150 3443 eoa-qui
1170 3363 1309 3423 omniain
1322 3378 1370 3422 ure

276 3462 446 3514 ornamenta
457 3452 660 3529 contulissent,
673 3456 761 3516 etiem
775 3475 846 3535 erga
862 3474 909 3514 me
938 3456 963 3542 si
984 3455 1026 3516 ite
1049 3454 1169 3529 vellent,
1183 3448 1371 3533 delinquendi

276 3543 384 3604 habere
397 3554 571 3624 potestatem
593 3558 737 3628 opertere.
780 3549 858 3618 Quia
871 3567 939 3609 vero
952 3549 1043 3628 justa·
1054 3549 1180 3620 iortuua,
1193 3548 1235 3607 ita
1254 3548 1297 3606 uti
1318 3547 1373 3608 de·
1470 3615 1471 3622 χ

277 3637 349 3711 enit,
356 3636 462 3717 injusta
473 3649 611 3720 superata
622 3641 668 3701 bis
682 3642 764 3701 vobis
777 3641 881 3702 iisdem
890 3641 929 3702 de
943 3643 1028 3702 rebus
1042 3639 1188 3701 statuendi
1200 3640 1371 3701 laenitatem

277 3729 369 3803 dedit,
380 3743 533 3811 propterea
554 3729 633 3813 qued
647 3733 718 3793 nibil
730 3735 762 3795 in
782 3754 828 3794 me
842 3737 890 3796 eni
910 3735 1021 3796 mederi
1040 3753 1100 3794 nou
1112 3733 1200 3794 licent
1219 3734 1372 3806 staminiis,

277 3833 423 3884 servatore
434 3838 496 3898 me,
515 3822 722 3901 Athenienses,
740 3837 772 3888 et
785 3819 929 3907 quoe'tunr
942 3827 1115 3906 vobisipsis
1132 3837 1195 3886 tum
1216 3845 1265 3886 me
1282 3825 1373 3906 digna
1470 3903 1471 3906 Ἴ

155 3984 158 3995 ,
277 3926 347 3978 sunt
365 3917 555 3978 desernitnte.
598 3913 809 3981 Niliil‘euim'a
822 3937 1032 4001 meperperam
1046 3928 1077 3978 et
1097 3911 1238 3981 scelerate
1259 3920 1372 3980 facturn

156 3998 162 4081 ¹:
278 4012 437 4090 reperietis,
452 4031 551 4091 neque
569 4015 877 4075 meenmrneritumut
894 4015 941 4076 vel
959 4013 1104 4094 dignitate
1118 4013 1167 4074 vel
1181 4015 1241 4074 vita
1253 4011 1372 4092 spolier,

162 4150 166 4167 .
280 4104 374 4164 sedet
385 4105 579 4166 multitudinis
588 4104 708 4168 inesse
721 4107 886 4168 studiosum
904 4117 937 4166 nt
949 4107 999 4186 qui
1013 4107 1148 4181 maxime,
1165 4106 1286 4186 nequid
1299 4105 1380 4165 invi·

164 4234 168 4259 ι
279 4196 394 4255 dinam
412 4199 548 4273 scribam,
562 4212 593 4261 et
605 4200 798 4280 pulcherrima
810 4219 847 4260 ex
860 4200 907 4260 his
921 4191 970 4279 qui
989 4199 1085 4261 adhue
1096 4200 1202 4261 vivunt
1222 4219 1277 4278 pin
1286 4198 1375 4258 robis

164 4276 168 4323 ἶ
280 4289 410 4365 gerenda
418 4291 812 4382 suscepisse-maximaque'e
822 4294 894 4354 meis
907 4293 1068 4373 equalibus
1080 4286 1293 4354 benevolentiae
1302 4302 1375 4370 erga

281 4401 333 4440 ros
347 4383 455 4446 iudicia
463 4387 625 4466 reliquisse.
666 4389 770 4468 Neque
784 4389 1018 4468 veroquisquam
1030 4397 1157 4448 restrum
1172 4393 1266 4465 putet,
1280 4383 1370 4443 Aus-

280 4474 405 4548 nisuses,
422 4495 469 4536 rue
482 4477 527 4539 rel
541 4498 577 4538 ex
591 4479 785 4540 imbecillitate
808 4480 896 4541 animi
911 4481 959 4542 vel
978 4479 1039 4541 ulle
1060 4475 1212 4558 alitr‘turpi
1224 4477 1262 4537 de
1281 4493 1373 4536 casua
