2967 5017
257 308 316 383 too
605 321 777 395 coruunt
798 316 994 393 nemesii.

255 464 338 535 sets·
355 485 411 549 est,
425 482 474 559 qui
493 482 567 544 citrs
583 486 792 565 impietatem
809 488 938 567 qualibet
953 481 1145 548 administrsrl
1158 478 1279 562 queant,
1295 468 1359 542 tadi

256 568 377 631 muliere
390 576 559 651 prmsertlm,
573 579 738 659 talibusque
752 582 839 642 rebus
853 580 965 661 gestisl

296 662 347 721 20.
369 662 444 725 Volo
458 680 556 728 autem
571 670 658 732 altius
673 682 804 746 exorsus,
816 675 898 734 vobis
916 671 1079 733 accuratius
1093 666 1201 728 referre
1219 664 1360 745 singula,

256 754 384 815 utrobis
407 757 480 819 ultio
501 763 601 837 maiori
622 776 702 825 c'uroe
722 765 771 837 rit,
783 776 876 847 utque
900 764 1079 834 scierimus
1101 780 1160 821 non
1183 758 1273 820 modo
1294 762 1359 839 prd

257 844 339 905 tobis
358 848 439 927 ipsis,
454 862 485 911 et
507 852 619 932 legibus
635 858 807 918 sententium
829 858 952 930 laturos,
965 855 1018 916 sed
1040 864 1072 917 et
1092 854 1213 912 deorum
1229 850 1359 909 immota

257 936 359 997 lulium
383 940 549 1021 religionem
571 948 709 1010 violatam
729 949 936 1022 vindicaturos,
949 960 980 1009 et
1000 958 1108 1026 preses·
1123 954 1290 1025 sumpturos
1312 940 1359 1002 de

258 1031 472 1095 consceleratisr
524 1037 602 1099 Olim
625 1042 777 1104 dominatu
798 1043 963 1123 respublica
984 1041 1148 1120 regebatur,
1166 1046 1198 1096 et
1212 1034 1357 1115 'iignum

257 1136 357 1183 eorum
370 1137 434 1192 emt
453 1130 615 1211 quibusque
635 1137 824 1215 temporibus,
837 1134 888 1215 qui
899 1146 961 1215 prae
974 1132 1077 1194 ceteris
1095 1131 1272 1198 eminebant,
1285 1146 1359 1207 pro·

257 1224 359 1293 pterea
372 1221 452 1297 quod
466 1221 610 1303 indigente
631 1239 749 1298 essentr
771 1248 857 1289 sacra
874 1236 970 1287 numm
992 1238 1044 1285 rex
1056 1224 1157 1284 obibst
1174 1222 1282 1290 omnia.
1301 1232 1359 1281 οὔ·

258 1324 380 1389 rumque
394 1314 620 1394 religiosissime,
631 1330 660 1380 et
671 1338 789 1394 srcsna,
801 1338 875 1380 uxor
887 1319 949 1399 ejus
962 1319 1093 1379 cumbet.
1134 1313 1226 1393 idque
1236 1312 1359 1385 merlw,

261 1416 329 1459 sum
343 1406 444 1484 regina
456 1418 544 1469 essen
584 1412 747 1493 Postquam
765 1422 862 1474 sutem
879 1412 1012 1471 Theseus
1030 1410 1111 1469 cives
1124 1407 1154 1467 in
1166 1415 1258 1465 unum
1281 1424 1358 1465 con·

261 1497 404 1574 gregavit,-
413 1498 591 1583 liberamque
609 1506 819 1584 rempublicam
833 1503 968 1573 instituit,
981 1512 1012 1562 et
1024 1502 1094 1561 urbs
1106 1496 1291 1559 multitudine
1310 1498 1358 1557 in··

260 1586 389 1650 toletum
411 1592 590 1674 frequentari
619 1599 718 1679 erepit,
743 1598 869 1679 populus
895 1595 1079 1655 nihilominus
1102 1610 1201 1671 regem
1225 1590 1358 1671 “mma

261 1676 378 1741 delectu
400 1704 417 1745 e
440 1686 507 1747 viris
529 1690 778 1769 prestantissimis
802 1686 912 1758 habito,
934 1704 1054 1746 uxorem
1076 1700 1174 1745 autem
1196 1680 1271 1761 ejus,
1288 1681 1359 1762 lege

262 1775 361 1833 senuit
372 1795 438 1838 esse
451 1779 554 1852 civem,
570 1791 600 1841 et
618 1801 677 1843 non
690 1782 772 1842 elteri
791 1780 974 1841 commistum
987 1779 1058 1851 tiro,
1073 1775 1126 1837 sed
1139 1774 1282 1853 virginem
1300 1774 1359 1836 dus

263 1865 399 1943 cendam,
413 1881 446 1930 ut
468 1875 561 1951 pstrio
583 1875 639 1935 ritu
661 1894 769 1936 arcana
787 1892 871 1935 sacra
888 1891 939 1953 pro
958 1870 1107 1951 republica
1127 1866 1360 1943 immolarentur,

263 1966 293 2013 st
301 1956 384 2035 justa
397 1961 452 2023 diis
465 1964 511 2042 pie
524 1965 714 2037 solverentur,
729 1973 820 2044 utque
833 1984 888 2024 nec
899 1964 1089 2031 desereretur,
1103 1978 1157 2019 nec
1171 1958 1358 2020 innovaretur

264 2047 430 2127 quicquam.
484 2056 570 2117 lianc
591 2052 686 2137 legem
709 2058 777 2138 pilea
802 2056 928 2137 lapideae
956 2054 1128 2135 inscriptam
1149 2061 1305 2112 erexerunt
1327 2052 1358 2129 ip

267 2136 377 2199 Bacchi
401 2146 522 2227 templo,
538 2152 624 2225 juxta
637 2168 717 2210 aram
737 2150 766 2209 in
785 2143 961 2229 paludibus:
981 2166 1076 2226 eaque
1095 2146 1156 2227 pile
1175 2145 1266 2205 etism
1279 2165 1360 2205 nunc

268 2238 368 2293 elrstet
380 2236 508 2299 obscuris
522 2240 612 2303 literis
627 2243 731 2303 Atticis
744 2243 896 2322 inscripto.
922 2240 1012 2309 Quod
1022 2239 1147 2319 populos
1160 2236 1358 2298 testimonium

267 2332 334 2385 ess'e
347 2316 438 2390 voluit
451 2351 511 2391 sum
526 2354 596 2413 erga
613 2335 702 2395 deum
722 2334 808 2395 illum
826 2331 984 2413 religionis,
997 2342 1028 2392 et
1040 2341 1179 2411 tanquam
1193 2330 1360 2409 depositum

268 2414 427 2496 relinquere
439 2425 610 2503 posteritati,
621 2446 742 2487 uxorem
757 2428 809 2487 tibi
823 2425 961 2499 dandum,
971 2436 1002 2484 et
1014 2424 1261 2493 sacra'obitursm,
1271 2422 1359 2483 talem

268 2518 333 2568 esse
346 2510 491 2588 volumus,
499 2529 650 2597 propterea
664 2520 693 2579 in
707 2512 905 2599 antiquissimo
915 2516 1023 2598 templo
1036 2514 1147 2577 Bacchi
1158 2516 1189 2573 in
1201 2512 1359 2594 paludibus

269 2598 459 2679 collocarunt,
473 2621 554 2670 utne
575 2612 668 2685 multi,
682 2628 749 2691 queo
771 2612 911 2690 inscripta
932 2620 1013 2679 sunt,
1032 2616 1261 2688 cognosceretne
1275 2616 1360 2686 quot·

269 2694 352 2754 snnis
366 2698 440 2757 enim
455 2704 544 2762 semel
555 2705 691 2784 aperitur,
705 2704 798 2786 pridie
819 2704 885 2764 idus
896 2702 1081 2762 Novembris.
1119 2700 1166 2761 De
1179 2710 1238 2759 tsm
1252 2700 1359 2759 sanctis

269 2780 357 2864 igitur
370 2800 399 2849 et
411 2796 583 2857 venerandis
598 2798 697 2867 sacris,
711 2817 779 2877 quos
792 2796 916 2877 majores
927 2792 1016 2854 vestri
1035 2804 1096 2853 tam
1109 2789 1247 2872 preclare
1261 2790 1358 2871 splen·

269 2875 397 2960 dideque
410 2896 554 2961 cursmnt,
565 2902 662 2969 operm
675 2890 800 2969 pretium
815 2900 861 2948 est
874 2892 905 2947 et
917 2899 970 2945 tos
983 2878 1131 2964 suscipere
1147 2882 1257 2955 curam,
1270 2882 1359 2943 sne

271 2970 398 3049 nienses,
407 2990 436 3039 et
448 2980 467 3039 ii
482 2982 531 3060 qui
543 2982 708 3061 petulenter
721 2991 910 3041 sacravestrs
922 2988 1167 3058 contempsemnt,
1175 2975 1225 3056 qui
1240 2975 1358 3035 deorum

271 3061 477 3130 immortalium
494 3074 662 3151 religionem
678 3072 786 3131 nefarie
800 3070 955 3144 violarunt,
969 3071 1085 3131 duabus
1102 3068 1139 3130 de
1159 3070 1256 3128 causis
1275 3067 1358 3149 puni·

272 3157 341 3218 endi
353 3172 440 3222 sunt:
461 3174 495 3223 ut
508 3176 537 3223 et
550 3164 580 3223 bi
594 3184 693 3243 poenas
708 3163 780 3224 dent
791 3164 946 3238 scelerum,
959 3175 989 3226 et
1004 3160 1092 3224 ceteri
1109 3172 1233 3224 caveant
1256 3174 1286 3221 et
1303 3163 1359 3221 lor·

273 3248 393 3321 midenn
405 3253 520 3333 nequid
534 3254 563 3315 in
577 3256 648 3317 deos
663 3268 693 3317 et
706 3256 916 3338 rempublicam
931 3256 1112 3336 delinquant.
1136 3255 1256 3315 Vocabo
1265 3266 1358 3315 autem

272 3340 354 3400 uobis
367 3353 397 3402 et
410 3364 525 3405 sacrum
547 3364 722 3429 prreconem,
736 3351 788 3431 qui
807 3352 884 3429 regis
901 3348 985 3410 unorl
1006 3349 1241 3421 ministrandum
1258 3347 1360 3409 tustra

274 3431 417 3495 ministres
432 3437 470 3496 ad
483 3439 611 3499 canistra
625 3451 655 3502 et
668 3442 706 3502 ad
721 3457 810 3515 aram,
825 3443 993 3523 priusquam
1008 3458 1092 3501 sacra
1110 3440 1266 3519 attingunt,
1286 3448 1320 3499 ot
1331 3450 1361 3500 er

269 3521 474 3603 jusjurandum
482 3549 491 3597 ;
513 3541 544 3590 et
556 3548 590 3591 ee
604 3552 670 3611 qum
689 3534 726 3593 de
746 3554 827 3596 more
842 3532 988 3606 dicuntur,
1002 3531 1137 3605 audiatis,
1149 3540 1292 3611 quatenus
1309 3550 1358 3591 au·

274 3613 329 3771 ll?
351 3617 393 3678 ias
414 3630 470 3695 est,
483 3633 513 3682 et
535 3626 731 3705 cognoscatis,
745 3643 832 3706 quam
846 3638 971 3707 augusta
984 3637 1015 3686 st
1024 3642 1110 3687 sacra
1128 3634 1159 3686 et
1175 3634 1292 3687 vetusta
1304 3624 1360 3685 sint

273 3726 283 3769 r
336 3711 479 3775 instituta.

497 3858 805 3935 tusruttmtnuit
826 3864 1139 3935 Mrutsrnsnutt.

310 3957 354 4045 l'tl
364 4006 387 4047 st
397 4004 457 4062 pbrt
474 4009 499 4050 et
509 4004 594 4052 munds
612 4020 663 4053 snm
674 4020 688 4052 s
699 4004 783 4053 uereri·
800 4003 924 4053 immunis
939 4010 964 4051 st
979 4018 994 4050 s
1011 4002 1056 4050 riri
1071 4010 1208 4064 convent,
1218 4006 1244 4054 rt
1254 3995 1359 4051 numus

277 4073 382 4131 ustula.
393 4088 418 4125 et
428 4079 558 4129 lobsocbos
568 4080 660 4129 celebro
673 4082 765 4129 llaoobo
776 4081 850 4145 pstrio
862 4081 911 4128 ritu
922 4088 947 4128 st
960 4080 1071 4142 legitimis
1081 4077 1235 4141 temporibus·

318 4193 367 4253 tt.
387 4194 599 4277 Jusjuisndum
618 4197 716 4278 igitur,
730 4206 760 4258 et
782 4190 916 4256 instituta
934 4194 1037 4273 patria,
1061 4200 1205 4272 quantum
1223 4186 1361 4249 enuncirri

189 4352 190 4355 Ἴ
276 4280 322 4342 its
336 4292 392 4355 est,
408 4288 566 4365 audivistis,
579 4307 644 4351 eam
658 4290 738 4363 item,
752 4302 841 4369 quam
851 4285 1017 4366 Stephanus
1027 4282 1189 4365 theogent,
1202 4280 1266 4363 regi
1279 4281 1361 4343 sacri-

188 4436 192 4444 .
276 4373 373 4447 llcttlo,
387 4376 545 4461 despondit
555 4390 674 4445 urerent
688 4392 740 4463 pro
753 4392 808 4443 rua
820 4379 890 4453 lilia,
900 4386 984 4440 sacru
996 4373 1115 4453 iecisse,
1124 4384 1156 4437 et
1163 4374 1361 4458 jusjurandum

277 4457 417 4530 tlrtullsst
428 4464 563 4547 Gentis,
575 4474 763 4555 cognovistist
804 4470 873 4535 Jsm
887 4468 931 4531 nd
952 4478 1079 4546 constet,
1098 4484 1154 4532 net
1169 4469 1205 4531 iis
1218 4465 1290 4547 ipsit
1307 4480 1363 4529 tou·
