2967 5017
424 330 649 391 ADVERSUS'
663 330 918 392 CAL'LlPPUM.
1154 332 1213 395 700

122 500 170 541 me
182 482 381 543 testimouium
399 484 486 543 facile
498 484 626 544 dicturos
638 482 810 561 producere,
825 494 887 544 tum
905 505 943 545 ex
958 487 1136 564 argumentis
1150 500 1214 549 tum

121 594 160 634 ex
169 575 229 635 boc
241 576 408 635 matimonio
420 576 504 635 facile
520 595 538 635 a
556 576 638 635 robis
661 575 848 655 intelligetur.
868 577 924 636 Me
943 588 1040 637 autem
1059 598 1114 657 pro
1129 590 1213 659 patre

115 666 322 747 jusjurandum
339 668 367 727 ei
381 667 451 727 dare
464 668 600 741 voluisse,
615 668 861 746 quemadmodum
875 668 922 729 lex
935 671 1030 749 jubet,
1043 672 1068 730 si
1082 674 1147 750 quis
1160 674 1212 733 de·

121 759 254 821 sunctum
276 756 418 821 accusans
434 780 500 820 cum
511 760 626 821 herede
640 774 718 839 agat,
733 781 793 821 uon
802 762 896 821 rideri
908 763 978 821 mibi
991 764 1037 822 rel
1050 766 1213 843 promisisse

120 862 233 931 putrem
243 872 277 913 se
287 854 336 913 isti
348 853 526 913 redditurum
538 854 692 932 pecuniam
701 874 719 913 a
729 853 847 932 Lycone
855 853 997 924 relictam,
1006 856 1053 915 rel
1065 876 1214 918 commea·

121 944 224 1005 datum
235 947 321 1006 istum
334 947 408 1025 patri
422 966 440 1006 a
454 946 588 1025 Lycone:
604 946 809 1005 Phormionem
819 948 890 1005 item
902 946 1063 1007 affirmasse
1073 950 1214 1011 rationem

119 1038 308 1117 semetipsum
329 1058 395 1099 cunr
420 1038 536 1117 Lycone
557 1038 734 1098 subduxisse
753 1049 785 1097 et
801 1038 831 1097 iu
847 1037 993 1098 mandatis
1014 1041 1161 1118 accepisse
1182 1055 1216 1103 ut

121 1128 308 1209 Cephisiadae
321 1132 475 1210 pecuniam
488 1131 624 1191 redderet
637 1131 691 1191 sibi
706 1130 743 1188 ab
758 1130 941 1191 Archebiade
954 1130 1164 1202 demonstrato;
1186 1147 1217 1195 et

120 1240 190 1281 cum
209 1222 360 1303 Callippus
382 1224 507 1302 primurn
530 1223 568 1281 ad
591 1242 721 1283 mensam
742 1222 886 1302 Lyconem
906 1222 1013 1283 obiisse
1033 1224 1164 1297 dixisset,
1184 1238 1216 1287 et

119 1312 183 1391 ipse
197 1313 294 1375 literas
303 1315 504 1385 viderevellet,
513 1314 647 1393 uunquid
659 1312 842 1376 nummorum
856 1316 965 1394 hospes
978 1316 1153 1396 reliquisset,
1164 1339 1216 1379 eas

118 1407 286 1467 ostendisse
305 1427 347 1478 se,
361 1408 466 1485 quibus
480 1407 534 1467 iate
547 1407 696 1485 inspectis,
712 1428 779 1467 cum
792 1407 914 1467 uidisset
933 1408 1075 1486 scriptum
1096 1428 1164 1469 esse
1183 1420 1216 1469 ut

119 1498 308 1581 Cepbisiadae
318 1499 497 1572 redderetur,
506 1501 627 1559 tacitum
636 1501 756 1570 abiisse,
766 1499 878 1559 nullam
886 1520 983 1579 neque
992 1501 1216 1561 conmoversianr

117 1606 297 1664 moventem,
311 1614 403 1671 neque
417 1594 572 1672 quicquam
586 1595 810 1654 interdicentem
823 1594 861 1653 de
875 1593 1013 1671 pecunia,
1025 1596 1069 1655 uti
1088 1606 1216 1666 constet,

114 1684 224 1745 barum
236 1704 334 1743 rerum
348 1686 515 1746 testimonia
526 1696 650 1764 ubsque
664 1697 693 1743 et
707 1686 754 1745 les
765 1686 973 1745 recitabuntur.

450 1886 753 1947 TESTIMONIUM.
795 1888 889 1947 LEX.

157 2029 188 2087 6.
210 2025 302 2086 Vobis
321 2046 407 2107 porro
422 2028 586 2100 ostendam,
606 2026 735 2101 ludices,
752 2030 898 2108 Lyconem
912 2022 1047 2111 Collippo
1065 2053 1125 2092 nou
1147 2054 1213 2095 esse

113 2138 214 2179 usum.
255 2118 386 2178 Arbitror
398 2119 474 2177 enim
489 2118 519 2179 id
530 2137 647 2198 quoque
662 2130 765 2179 contra
778 2121 859 2180 istius
878 2122 1065 2182 insolentiam
1078 2124 1148 2183 mibi
1160 2125 1213 2197 ali·

115 2212 190 2293 quid
211 2211 473 2287 commodaturum,
488 2211 642 2289 pecuniam
665 2212 744 2271 illam
764 2233 782 2271 a
806 2213 921 2292 Lycone
942 2214 997 2273 sibi
1016 2215 1094 2275 dono
1114 2216 1213 2275 datam

116 2324 186 2365 esse
208 2303 372 2365 asserentis.
416 2302 445 2363 Is
467 2304 541 2363 euim
567 2304 760 2383 quadraginta
782 2306 868 2364 minis
889 2306 1015 2379 caudore
1032 2308 1164 2385 pecunire
1185 2309 1214 2367 iu

116 2396 272 2457 Thraciam
287 2394 445 2475 Megaclidi
461 2395 610 2456 Eleusinio
624 2408 654 2457 et
670 2397 824 2478 Thrasyllo
838 2398 919 2457 fratri
934 2401 997 2479 ejus
1012 2413 1113 2460 mutuo
1128 2403 1215 2473 datis,

115 2509 188 2551 cum
201 2509 234 2549 eo
246 2488 403 2568 navigandi
417 2488 567 2572 consilium
582 2488 624 2549 illi
638 2500 810 2563 mutassent,
823 2502 854 2570 et
867 2492 1028 2570 periculum
1050 2493 1129 2553 adire
1150 2495 1214 2554 nol·

115 2578 190 2651 lent,
205 2592 384 2663 conquestus
404 2580 441 2639 de
465 2580 630 2659 Megaclide
652 2582 751 2641 nescio
769 2584 839 2659 quid
853 2596 971 2662 propter
985 2604 1099 2675 usuras,
1110 2598 1142 2646 ut
1162 2588 1215 2647 de-

114 2685 233 2755 ceptus,
245 2674 434 2755 discordabat
449 2692 515 2731 curn
536 2692 571 2732 co
585 2683 615 2731 et
626 2671 769 2751 litigabat,
783 2686 915 2733 mutuum
929 2687 1106 2753 recepturus.
1139 2680 1214 2738 Cum

115 2780 215 2829 autem
241 2767 278 2827 de
301 2777 383 2827 tanta
404 2764 529 2844 pecunia
548 2764 672 2822 multum
690 2774 721 2823 et
739 2785 818 2843 saepe
840 2766 1030 2838 laboraretur,
1047 2770 1215 2847 Callippum

117 2862 172 2921 sibi
188 2859 286 2942 Lycou
299 2876 451 2937 nunquam
465 2876 588 2935 usquam
599 2856 762 2927 advocavit,
777 2857 829 2915 scd
840 2858 1051 2918 Archebiadem
1063 2871 1093 2917 et
1105 2862 1215 2922 Arche-

114 2953 212 3015 biadae
227 2953 354 3014 amicos:
376 2949 468 3029 etqui
488 2968 539 3007 eos
562 2948 591 3007 iu
605 2948 792 3008 concordiam
806 2948 918 3027 redegit
933 2950 1133 3011 Archebiades
1147 2953 1212 3014 luit.

115 3046 161 3107 Ac
175 3066 222 3105 me
236 3064 305 3105 vera
317 3042 413 3103 dicere
427 3052 461 3102 ut
473 3050 599 3115 constet,
612 3040 694 3101 robis
709 3040 804 3120 ipsum
818 3040 1015 3119 Megaclidem
1025 3053 1131 3103 testem
1143 3064 1211 3125 pro·
1288 3058 1296 3069 ’

115 3140 233 3201 ducam.

520 3300 826 3364 TESTIMONIUM.

118 3450 201 3513 Adeo
215 3450 400 3521 familiariter,
410 3446 541 3519 Judices,
556 3447 656 3527 Lycon
672 3446 809 3527 Collippo
822 3458 869 3507 est
888 3466 971 3519 usus,
985 3460 1019 3508 ut
1035 3470 1101 3510 eum
1117 3472 1212 3531 neque

117 3544 155 3605 etl
168 3564 216 3605 res
225 3562 294 3605 suas
310 3533 481 3610 accerseret,
496 3560 603 3619 neque,
613 3540 692 3619 apud
706 3558 773 3597 eum
786 3559 917 3618 unquam
931 3541 1102 3604 diverteret:
1125 3556 1211 3623 atquc

116 3636 195 3697 ismd
208 3637 303 3697 solum
317 3632 471 3695 familiares
485 3632 568 3692 istius
582 3632 730 3691 testificari
745 3633 808 3691 ausi
821 3652 881 3692 non
895 3631 1023 3705 fuerunt,
1034 3634 1211 3695 diversatum

118 3728 198 3809 apud
210 3730 298 3789 istum
307 3746 373 3787 esse
383 3725 475 3795 illum,
488 3724 559 3783 satis
568 3724 650 3802 gnari
661 3744 693 3783 se
702 3724 800 3783 statim
810 3744 867 3811 per·
875 3744 1024 3785 servorum
1033 3728 1210 3805 quaestiones

117 3824 282 3885 convictum
295 3823 339 3894 iri,
353 3820 378 3880 ti
394 3810 464 3899 quid
478 3817 537 3877 tale
549 3818 752 3877 mentirentur.

155 3920 185 3975 7.
206 3915 313 3975 Dicam
325 3924 421 3974 autem
434 3912 517 3973 robis
531 3910 618 3970 etiam
633 3920 838 3988 argumentum
849 3922 976 3981 tautum,
990 3920 1026 3969 ut
1039 3930 1075 3969 ex
1095 3930 1131 3970 eo
1143 3932 1211 3973 mea

116 4010 233 4089 quidem
248 4007 384 4088 opinione
397 4004 575 4085 perspecturi
589 4003 660 4074 sitis,
675 4004 762 4063 istum
779 4004 932 4062 mentitum
945 4024 1010 4062 esse
1025 4002 1129 4062 omnia.
1155 4006 1210 4085 Ly·

117 4096 341 4174 contradices,
364 4098 476 4158 etiamsi
503 4096 589 4156 istum
609 4113 725 4174 quoque
750 4095 992 4178 complecteretur
1010 4096 1209 4178 etfamiliaris

117 4196 178 4274 ejus
187 4202 280 4266 esset,
291 4203 325 4252 ut
334 4192 388 4252 iste
402 4191 515 4269 asserit,
525 4188 621 4268 eique,
634 4188 729 4267 siquid
743 4188 797 4248 sibi
809 4189 973 4259 accidisset,
984 4207 1118 4247 nummos
1132 4191 1212 4253 dono
1328 4234 1337 4251 .

115 4286 184 4348 dare
206 4287 307 4359 vellet,
320 4281 450 4363 nunquid
469 4301 521 4373 eos
539 4281 721 4343 commodius
739 4280 845 4340 fuisset
857 4280 1028 4359 recta-apud
1043 4281 1210 4363 Callippum

116 4380 288 4461 relinquere,
310 4396 384 4459 quos
397 4375 550 4435 incolumis
568 4394 703 4435 reversus
717 4384 796 4433 recte
817 4384 847 4433 et
861 4373 941 4452 juste
953 4383 1118 4452 recepturus
1132 4389 1212 4438 esset

117 4476 212 4549 abeo,
225 4484 259 4533 ut
273 4482 304 4532 et
317 4470 412 4531 amico
429 4478 460 4528 et
472 4480 659 4548 procuratore
674 4460 737 4537 atio,
752 4465 798 4524 siu
810 4465 882 4543 quid
894 4465 950 4545 ipsi
970 4466 1135 4540 accidisset,
1151 4479 1211 4527 sta-
