2967 5017
559 367 783 432 EPISTOLAE.
1154 379 1213 436 stt

122 533 278 606 postetam
289 521 442 605 epistolm
454 522 615 584 lamentari.
656 523 735 586 liam
749 545 806 605 ego
820 543 897 588 nunc
910 525 945 586 iis
955 526 1106 592 conflictor
1118 529 1215 600 rebus,

122 620 208 700 quod
220 619 420 679 consuesset
432 615 525 694 aliter,
538 618 676 678 mmodo
689 638 749 700 quo
761 619 885 700 quisque
897 620 1005 682 talibus
1017 621 1048 684 iu
1063 623 1146 684 malis
1160 625 1216 686 sibi

119 711 269 790 indulget,
289 719 323 770 ut
335 708 484 770 doloribus
497 718 528 768 et
541 709 676 790 lacrymis
697 720 728 771 et
750 713 850 791 patrioe
864 713 1008 792 vestrique
1023 712 1168 776 desiderio
1187 729 1218 778 et

120 823 320 865 aerumnarum
332 822 462 863 mearum
475 802 715 874 consideratione,
728 823 795 882 quen
816 805 912 865 omnia
929 805 999 866 mihi
1012 807 1144 886 querelas
1163 809 1216 870 eli·

120 897 225 958 dant:
247 916 314 976 qum
334 896 360 955 si
382 913 450 955 cum
468 894 604 974 equitate
627 896 808 973 reputabitis,
822 898 851 956 in
866 896 954 958 nullis
968 899 1040 958 meis
1056 910 1215 964 vestrarum

120 1009 220 1050 rerum
233 988 528 1050 administrationibus
539 989 588 1048 rel
600 988 730 1048 mollitiei
743 990 791 1050 ael
804 991 962 1050 timiditatis
974 993 1056 1070 argui
1071 1013 1117 1054 me
1127 1013 1214 1074 posse

121 1082 286 1162 reperietis:
322 1081 363 1140 Et
382 1081 447 1141 brec
468 1080 610 1142 tactem
630 1081 667 1140 ad
686 1100 788 1142 omnes
809 1101 882 1142 ros:
904 1085 1035 1163 privatim
1056 1105 1125 1145 vero
1147 1107 1214 1148 cum

119 1174 160 1234 iis
172 1177 223 1253 qui
234 1193 280 1233 me
300 1174 454 1234 lacessunt
465 1180 562 1232 coram
582 1171 666 1231 robis
678 1172 746 1232 volo
759 1173 917 1253 disputare.
958 1174 1034 1236 Nam
1049 1197 1094 1250 ea,
1109 1178 1138 1238 in
1151 1181 1215 1260 qui·

119 1269 293 1328 bus'restrse
304 1265 479 1345 ignorationi
492 1264 716 1333 subservierunt,
730 1276 849 1343 propter
857 1285 911 1326 vos
925 1267 961 1326 ab
973 1266 1014 1327 eis
1025 1268 1105 1330 santa
1117 1283 1214 1346 sunto,

118 1379 217 1439 neque
230 1379 288 1437 ego
301 1376 411 1418 accuso
423 1356 591 1435 quicquam.
632 1355 796 1436 Postquam
808 1375 876 1417 vero
889 1360 1067 1436 cognovistis
1086 1379 1139 1422 vos
1164 1365 1216 1424 illa

118 1450 288 1529 cujusmodi
302 1451 370 1521 sint,
385 1449 419 1521 si,
438 1459 473 1508 ut
494 1447 620 1528 reliquos
633 1449 738 1510 missos
751 1449 874 1520 iaciunt,
897 1451 938 1510 ita
955 1460 986 1510 et
1006 1471 1053 1513 me
1066 1454 1215 1531 quiescere

119 1541 231 1614 sinent,
253 1553 334 1603 recte
355 1542 481 1602 facient:
502 1543 548 1601 sin
568 1542 717 1620 exagitare
735 1563 783 1602 me
807 1541 992 1616 instituerint,
1015 1556 1083 1623 peto
1106 1554 1213 1607 utros
1271 1597 1274 1602 .

118 1651 227 1693 omnes
243 1652 328 1712 opem
349 1632 423 1691 mihi
443 1633 554 1704 feratis,
567 1652 663 1711 neque
677 1633 865 1694 committatis
886 1645 919 1694 ut
930 1635 1052 1696 istorum
1066 1636 1134 1700 odia
1148 1639 1213 1717 plus

115 1724 672 1828 valeantquamvestrabenerolentim
709 1723 824 1784 Valete.

451 2005 887 2036 ῃ

644 2200 701 2260 111.

362 2353 432 2429 DE
469 2352 694 2430 LYCURGI
727 2355 937 2432 LIBERIS.
1045 2449 1050 2456 ι

247 2655 559 2718 DEMOSTHENES
580 2657 757 2718 SENATUI
779 2659 1029 2728 POPULOQUE
1049 2661 1083 2720 S.

156 2818 240 2887 Qun
253 2815 327 2876 meis
339 2815 371 2875 in
382 2815 471 2876 rebus
480 2816 547 2893 juro
560 2814 669 2875 avobis
682 2814 771 2874 tribui
783 2813 853 2874 niihi
862 2825 1006 2892 putarem,
1017 2813 1212 2894 superioribus

114 2908 241 2990 upoaoi
252 2907 361 2968 literis:
383 2927 451 2987 quas
472 2926 540 2968 cum
559 2906 644 2967 vobis
656 2905 811 2990 videbitur,
825 2906 896 2966 mihi
916 2903 1095 2966 concedetis.
1137 2905 1212 2968 Hac

115 3013 217 3064 numm
242 3001 280 3061 de
301 3000 408 3078 quibus
430 3019 510 3060 nunc
534 2999 640 3072 scribo,
662 3017 721 3058 non
734 2998 844 3078 negligi
860 2998 986 3074 arabis,
999 3017 1095 3080 neque
1109 2998 1212 3060 adver·

116 3094 204 3156 sandi
223 3094 277 3154 ssd
289 3093 433 3172 requitatis
446 3093 546 3153 studio
565 3092 715 3171 cognosci,
729 3093 827 3153 velim.
870 3092 1024 3176 Contingit
1040 3093 1116 3153 enim
1131 3091 1212 3166 mibi,

116 3206 285 3268 quanquam
306 3205 427 3265 peregre
445 3185 578 3266 degenti,
591 3185 700 3245 multos
714 3185 815 3246 audire
827 3185 943 3265 quivos
956 3188 995 3248 nb
1015 3206 1052 3247 ea
1071 3205 1138 3264 quoe
1151 3183 1213 3266 Ly-

115 3279 200 3358 curgi
219 3279 317 3340 liberis
338 3279 508 3340 acciderunt
525 3277 747 3358 reprehendant„
788 3279 833 3338 Ae
852 3279 953 3362 literne
966 3279 1056 3340 hasce
1069 3279 1213 3341 misissem

114 3379 236 3451 propter
259 3390 305 3430 rea
326 3371 414 3432 etiam
436 3372 474 3431 ab
497 3389 535 3430 eo
556 3369 673 3432 virente
691 3381 802 3449 gestas,
816 3370 855 3432 de
873 3373 979 3452 quibus
998 3391 1083 3451 mque
1096 3391 1212 3434 meeum

114 3479 240 3535 omnes,
254 3463 280 3522 si
293 3463 398 3522 voletis
412 3463 510 3524 officio
532 3463 627 3542 iungi,
646 3464 769 3542 gratiam
789 3465 816 3526 ei
840 3465 994 3526 habebitis.
1036 3465 1094 3534 Qui
1107 3476 1142 3524 ut
1152 3486 1212 3554 prs

114 3573 194 3616 mum
207 3555 246 3616 ad
256 3554 479 3634 Rempublicam
492 3566 668 3626 accesserat,
681 3556 873 3618 incuratione
886 3557 1072 3636 vectigalium
1085 3557 1212 3618 urbano·

112 3666 235 3727 rumque
248 3667 399 3708 munerans
414 3667 446 3708 se
459 3647 624 3720 collocarit,
640 3649 678 3708 de
691 3657 771 3708 statu
785 3648 911 3708 Graecia
926 3669 961 3710 ac
981 3649 1125 3710 sociorum
1139 3647 1212 3734 nihil

113 3738 375 3812 sonberesolituu
394 3759 462 3800 cum
476 3759 545 3800 vero
555 3758 654 3800 eorum
668 3739 769 3814 etiam,
781 3742 832 3819 qui
847 3760 907 3820 prae
921 3760 954 3802 se
968 3741 1069 3821 populi
1082 3740 1211 3800 studium

114 3833 261 3905 terebant,
272 3832 405 3912 plerique
418 3851 472 3893 ros
485 3832 693 3905 deseruissent,
705 3833 805 3913 populi
818 3833 950 3913 partibus
964 3852 995 3893 se
1012 3831 1137 3904 addixit,
1151 3852 1212 3892 nou

113 3926 194 4005 qnod
206 3925 276 3984 inde
289 3944 413 3986 munera
426 3935 458 3986 et
468 3925 579 3986 reditus
592 3944 698 4005 capere
711 3925 922 3986 liceret-nam
940 3925 1069 3986 adversm
1091 3924 1211 3984 facuoni

113 4015 179 4078 lasso
195 4017 294 4076 omnia
305 4016 455 4094 proposita
472 4027 605 4088 eraut-,
618 4035 713 4095 neque
730 4017 810 4096 quod
830 4015 884 4076 has
905 4006 1003 4095 partes
1022 4015 1115 4094 magis
1129 4026 1213 4076 extra

113 4107 275 4187 paruulum
285 4129 351 4168 esse
363 4107 608 4169 videret—multa
620 4109 698 4169 enim
708 4120 739 4168 et
750 4109 906 4168 manifesta
918 4108 1047 4188 pericula
1061 4125 1106 4168 res
1119 4106 1211 4168 habe-

113 4201 175 4275 bat,
191 4221 258 4281 quse
271 4202 311 4275 ei,
324 4202 376 4282 qui
392 4203 494 4281 populi
516 4203 720 4264 auctoritatem
740 4201 866 4262 dicendo
880 4201 1053 4282 agendoque
1073 4211 1211 4274 tueretur,

113 4293 194 4355 adire
214 4314 337 4357 necesse
356 4306 470 4356 erat-t
484 4295 537 4356 sed
551 4295 632 4375 quod
652 4305 758 4354 natura
771 4294 920 4374 popularis
935 4304 965 4354 et
975 4294 1019 4354 vir·
1033 4293 1129 4356 bonus
1143 4293 1210 4354 fuit.

113 4385 290 4466 Quanquam
312 4397 410 4448 autem
431 4407 531 4450 coram
551 4387 672 4448 ridebat
684 4396 744 4448 am
758 4406 821 4459 eos,
834 4387 885 4466 qui
898 4386 1008 4466 populo
1030 4407 1115 4468 opem
1133 4387 1210 4448 serre

362 4487 369 4500 ⁴
633 4482 653 4538 5
669 4499 687 4537 e
