2967 5017
450 344 619 407 colim
641 342 840 404 NEAERAM.
944 378 949 387 ·
1133 336 1193 398 tet

107 518 274 583 memorare,
288 519 439 581 operosum
454 502 556 561 luerit:
578 500 628 561 sed
637 520 688 561 ros
699 517 802 559 omnes
811 494 992 580 meministis,
1000 504 1031 554 et
1039 493 1195 573 Pytholam

107 590 288 663 Thessalum,
302 601 332 651 et
351 592 558 672 Apollonidem
577 591 760 672 Olynthium,
775 589 891 650 civitate
905 608 924 648 a
936 586 1046 668 populo
1059 586 1199 657 donatus,

107 683 210 745 sedern
233 683 416 765 ajudicibus
438 705 502 745 esse
521 684 669 765 spoliatos.
711 684 790 745 Nam
810 683 876 742 hoec
895 701 955 741 uon
975 681 1015 739 ita
1037 678 1106 739 olim
1119 679 1200 753 iacta

109 784 179 834 aunt
193 785 226 839 ut
239 794 258 837 a
269 775 352 837 vobis
366 777 543 857 ignorentur.

146 871 197 929 24.
220 872 276 931 His
294 874 335 931 ita
351 872 438 931 firmis
461 883 492 932 et
509 872 655 952 praeclaris
674 870 790 949 legibus
808 889 877 929 cum
899 866 1064 947 respublica
1084 867 1201 927 firmata

107 961 154 1034 sit,
168 982 220 1043 per
234 982 306 1041 quaa
325 964 386 1025 fieri
403 964 614 1027 Atheniensem
629 958 774 1043 oporteat,
789 962 846 1023 alia
866 972 935 1041 post
951 961 1006 1020 has
1026 978 1127 1019 omnes
1149 959 1199 1020 lert

107 1074 230 1113 summa
244 1056 422 1117 auctoritatis
433 1068 477 1118 est
489 1058 618 1118 sancita:
634 1064 724 1116 aare
737 1074 815 1114 curta
829 1054 938 1135 populo
950 1050 1008 1112 init
1021 1051 1124 1131 etipse
1134 1051 1200 1124 sibi,

105 1156 134 1205 et
149 1146 190 1207 dii
208 1147 395 1222 immortales,
418 1160 452 1209 ut
473 1168 558 1209 sacra
577 1168 631 1228 pro
654 1146 804 1228 republica
821 1146 957 1225 religiose
969 1144 1083 1204 tierent.
1123 1144 1202 1203 Nam

106 1257 295 1319 quoscunque
310 1241 438 1321 populus
452 1241 640 1301 Atheniensis
653 1240 731 1301 ciras
745 1232 856 1311 fecerit,
871 1257 923 1299 eos
940 1238 989 1296 lex
1010 1246 1109 1316 aperte
1119 1246 1201 1297 vetat

107 1331 136 1389 iu
150 1331 308 1412 collegium
325 1332 554 1393 novemvirorum
563 1334 704 1413 cooptari,
715 1344 767 1393 aut
776 1331 864 1393 ullius
876 1329 1200 1409 sacerdotiiadipiscen·

107 1421 136 1481 di
142 1420 193 1502 jus
206 1423 313 1485 habere
325 1445 334 1485 ι
348 1426 450 1484 horum
459 1442 527 1486 vero
541 1422 709 1506 liberis'jam
720 1424 847 1505 populus
860 1424 924 1483 brac
935 1422 1033 1482 omnia
1043 1421 1203 1494 concessit,

106 1533 173 1575 cum
188 1516 243 1577 hac
254 1526 352 1577 tamen
364 1517 536 1597 appendice,
545 1517 570 1577 si
582 1518 640 1578 siut
653 1516 799 1577 emuliere
807 1517 871 1577 cira
880 1514 1018 1595 suscepti,
1031 1523 1063 1573 st
1071 1512 1202 1592 legitime

105 1605 265 1685 desponsa.
297 1608 337 1669 Et
350 1609 413 1669 hec
428 1627 474 1668 me
484 1628 551 1668 vere
567 1608 674 1681 dicere,
683 1626 792 1686 magno
804 1618 836 1668 et
848 1608 952 1667 illustri
965 1626 1024 1686 ego
1032 1603 1201 1665 testimonio

104 1698 188 1758 robis
209 1698 370 1760 ostendam.
412 1700 544 1760 Narrabo
566 1690 663 1759 autein
683 1700 777 1772 vobis,
789 1708 857 1759 ante
873 1718 962 1777 quam
974 1698 1013 1758 ad
1031 1714 1092 1756 rem
1108 1696 1203 1776 ipsam

104 1788 232 1857 reniam,
245 1809 304 1869 quo
317 1800 404 1870 pecto
414 1810 450 1851 ea
462 1790 509 1851 lex
523 1789 635 1877 lamet
648 1789 1045 1872 propterqnospromulgata
1055 1790 1103 1862 sit,
1113 1808 1202 1869 quam

105 1891 279 1961 praestanter
293 1884 370 1943 viros
384 1893 415 1943 et
430 1892 598 1945 constantes
618 1884 720 1965 populi
738 1883 858 1945 amicos.
900 1883 946 1942 Ex
957 1882 1005 1943 his
1013 1883 1089 1943 enim
1103 1882 1202 1949 scietis

105 1972 253 2046 omuibus,
264 1985 296 2034 at
308 1975 407 2055 populi
424 1974 595 2037 beneficiam
612 1977 688 2036 bena
708 1976 885 2036 merentibus
897 1975 1067 2055 repositum,
1085 1976 1203 2055 preord-

106 2076 216 2138 catum,
229 2076 260 2127 et
274 2068 389 2147 quantia
410 2068 514 2129 restris
535 2068 710 2129 utilitatibus
730 2070 849 2129 obstant
861 2078 923 2128 mm
937 2066 1113 2148 Stephanus,
1136 2077 1200 2129 mm

106 2159 205 2241 caten,
227 2160 278 2239 qui
298 2159 401 2221 eodem
422 2162 511 2221 ruodo
530 2161 576 2223 vel
594 2161 778 2223 matrimonia
796 2170 1012 2234 annumerent,
1024 2160 1071 2221 rel
1093 2158 1200 2221 liberos

107 2262 307 2331 susceperunt.

148 2346 201 2403 25.
223 2344 403 2407 Plataeensea
426 2346 483 2407 soli
505 2346 674 2407 Graecorum
690 2346 819 2407 omnium
837 2345 931 2419 robis,
945 2344 1149 2419 Athenienses,
1170 2345 1200 2405 in

109 2434 313 2497 Marathonem
338 2438 488 2517 suppetias
508 2448 660 2511 venerunt,
675 2458 742 2499 cnm
764 2438 860 2511 Datis,
874 2436 1029 2499 Persarum
1047 2438 1131 2520 regis
1145 2440 1200 2499 iat-

108 2538 233 2607 perator,
248 2528 362 2589 Eretria
376 2530 529 2602 recedens,
540 2530 653 2592 Euboea
666 2534 799 2603 subacta,
814 2532 844 2590 in
865 2542 997 2591 nostmm
1017 2549 1118 2610 agrum
1132 2549 1200 2594 eum

109 2620 273 2701 ingentibus
291 2621 497 2683 descendisset
514 2623 617 2703 copiis,
641 2634 672 2683 et
695 2623 920 2704 populabundus
940 2634 1114 2703 vagaretarr
1132 2642 1199 2685 nam

110 2714 196 2774 etlam
209 2712 297 2773 hodia
310 2712 487 2775 fortitudinis
501 2732 602 2773 eorum
623 2716 653 2775 in
667 2714 757 2776 Varia
768 2716 884 2796 porticu
897 2716 1077 2775 monimenta
1088 2715 1200 2795 pintana

110 2814 306 2885 repraesentat.
347 2806 445 2876 Quam
460 2806 538 2867 eninr
552 2806 675 2886 quisque
689 2808 840 2869 celerrime
853 2808 957 2890 potuit,
979 2808 1078 2884 statim
1096 2826 1198 2869 accur·

110 2914 174 2959 tans
187 2898 283 2978 pictus
297 2908 355 2970 est,
370 2918 460 2961 canes
480 2898 521 2959 illi
539 2899 667 2960 Bcaotias
680 2902 835 2962 babentes.
877 2902 974 2981 Atque
986 2901 1090 2962 iterum
1104 2900 1201 2961 Xerxe

112 2988 256 3053 Gmcianr
271 2991 436 3065 invadente,
459 2991 609 3053 Thebanis
626 3008 694 3052 cum
710 2993 801 3054 Medo
813 2994 988 3075 conjunctis,
1007 3001 1136 3053 nomam
1150 2992 1200 3053 de·

111 3101 203 3144 serere
215 3084 375 3145 amicitiam
385 3084 521 3159 ausinon
536 3084 666 3158 luerunt,
681 3086 734 3147 aed
749 3085 804 3146 soll
820 3086 977 3147 desereris
991 3081 1122 3159 Rauda,
1135 3102 1200 3165 par·

112 3175 157 3233 tirn
171 3193 240 3236 oum
256 3174 483 3236 Lacedaemoniis
494 3185 525 3237 et
536 3177 703 3237 Leonidam
718 3178 921 3259 'llrermopyh's
934 3186 1037 3240 contra
1048 3178 1200 3244 barbaram

112 3266 242 3329 assueti
254 3286 314 3329 una
327 3268 486 3347 perierunt,
499 3270 601 3350 partim
623 3270 791 3330 conscensis
813 3262 918 3331 nostris
938 3270 1111 3343 triremibus,
1124 3259 1202 3349 quot

113 3363 239 3442 proprias
248 3381 336 3422 aerea
349 3380 408 3423 aon
422 3362 576 3435 haberent,
589 3362 669 3423 socia
682 3364 836 3423 nobiscum
849 3382 930 3424 mma
939 3364 1111 3444 junxerunt,
1124 3372 1155 3422 at
1167 3360 1203 3429 ad

114 3454 307 3527 Artemisium,
317 3465 352 3515 at
364 3454 403 3515 ad
416 3455 605 3530 Salaminem,
615 3465 647 3516 et
659 3455 698 3516 ad
712 3455 840 3515 Plataeas
850 3461 1000 3538 postrema
1011 3472 1112 3535 pugna
1125 3472 1204 3515 cum⁴

114 3544 198 3609 missa
211 3568 279 3607 cam
294 3547 450 3609 Mardonia
464 3550 542 3628 regis
557 3549 643 3618 duce,
657 3546 807 3609 vobiscum
821 3558 932 3609 etcum
946 3547 1049 3608 ceteris
1066 3546 1209 3607 libertatis

115 3641 302 3703 assertoribus
323 3640 480 3722 conjuncti,
493 3660 647 3703 commune
658 3643 777 3714 bonum
792 3641 967 3715 libertatem,
981 3638 1207 3700 ceterisGraecis

115 3734 309 3795 aestimarant.
364 3734 504 3795 Ceterum
526 3734 700 3809 Pausanias,
722 3754 775 3795 rex
803 3732 1103 3802 Lacedaemoniomm,
1124 3730 1208 3792 vobis

115 3822 252 3889 insultare
257 3826 356 3908 carpit,
370 3846 429 3888 non
439 3837 597 3889 cantemus
610 3827 732 3908 imperio
743 3826 813 3888 solis
824 3824 1052 3888 Lacedaemoniis
1065 3822 1207 3885 aGrreois

116 3916 228 3983 deam:
249 3933 280 3982 at
293 3933 394 3984 nostra
408 3924 487 3995 urbs,
507 3941 673 4003 quanquam
687 3922 800 3983 Graecis
818 3942 918 3983 revera
931 3920 993 3982 dur
1005 3928 1036 3980 at
1050 3927 1153 3979 auctor
1172 3918 1208 3977 li·

116 4010 232 4075 bertatis
244 4014 352 4088 luerat,
365 4025 464 4075 tamen
476 4015 581 4076 honori
600 4014 885 4076 Lacedaemoniorum
905 4012 1134 4075 nonadrersata
1151 4021 1208 4087 est,

117 4110 147 4162 ut
165 4126 201 4168 ue
224 4106 254 4167 in
274 4108 419 4168 sociorum
440 4107 579 4169 invidiam
603 4108 774 4169 incurreret.
818 4107 857 4167 lis
875 4106 963 4186 igitar
981 4105 1068 4164 rebus
1089 4102 1209 4167 inflatus

118 4192 283 4272 Pausanias,
298 4218 350 4261 rex
364 4200 661 4285 Lacedaemoniorum,
676 4200 821 4281 Delphico
834 4200 940 4280 tripodi
953 4196 1111 4279 inscripsit,
1121 4215 1210 4277 quem

121 4285 223 4363 Graeci,
240 4294 291 4371 qui
312 4293 350 4353 ad
366 4293 493 4353 Plataeas
508 4293 766 4377 dapugrrarantet
783 4293 887 4353 navale
907 4292 945 4353 ad
970 4290 1118 4353 Salamina
1134 4298 1211 4372 prre'·

120 4376 186 4441 lun
208 4384 373 4460 conjunctis
387 4386 495 4445 viribus
515 4387 731 4467 commiserant,
748 4384 879 4465 Apollini
892 4388 921 4446 in
936 4384 1102 4447 Barbaricas
1119 4384 1212 4446 victo·

121 4470 170 4531 rien
178 4477 390 4538 monimentum
398 4478 589 4537 dedicarunt:
