2967 5017
473 327 530 390 na
552 327 661 390 noun
678 326 903 390 miraeus.
1064 351 1073 356 ·
1176 327 1237 421 ses

31 492 38 518 t
141 477 257 562 tadinap
270 481 389 560 quidem
402 491 471 562 post
482 483 573 563 patris
586 485 698 544 obitum
712 484 837 564 partitus
853 499 922 544 eum
935 483 1089 554 istirsuru,
1103 491 1236 542 mutuum

141 579 241 632 antem
264 565 465 652 ‘eporeildere
488 593 552 636 rum
572 585 692 636 coactns
705 575 806 636 salins
827 575 914 638 etiam
930 573 1011 636 mille
1030 570 1236 640 dsuetum-ie
1290 641 1293 648 Α

139 661 235 724 funus
246 665 337 742 patris
352 683 370 724 s
383 665 543 744 Lyslsmeto
555 666 863 739 Thorium-mutuatus,
872 666 1004 746 privatim
1018 667 1101 726 solvi.
1143 663 1238 726 Etiam

142 753 207 816 bc
219 777 237 816 a
250 775 297 817 me
311 758 456 832 veredici,
468 761 598 822 erhisce
612 760 784 822 testimoniis
799 758 998 848 cognoscetis.
1069 769 1073 777 '
1094 770 1100 774 ’

545 975 814 1038 TESTIMONIA.

186 1116 233 1173 12.
254 1115 328 1176 cum
351 1136 408 1196 ego
429 1121 518 1198 igitur
539 1121 614 1182 adeo
632 1120 787 1181 mmiteste
806 1132 891 1182 tanto
902 1121 1049 1182 deteriore
1069 1119 1239 1184 conditione

141 1205 208 1280 tim,
228 1207 281 1268 iste
294 1229 372 1270 nunc
386 1212 553 1290 quiritaudo
566 1225 597 1274 et
609 1214 793 1292 indignando
810 1234 857 1274 me
875 1215 965 1293 patris
976 1215 1047 1274 dote
1069 1211 1238 1282 fraudabitl

142 1298 201 1360 Sed
217 1320 279 1374 ros,
292 1322 311 1364 ο
324 1303 458 1376 ludices,
471 1325 524 1383 per
538 1305 609 1366 deos
620 1325 681 1376 oro,
692 1326 728 1364 ne
738 1307 821 1366 istius
835 1305 1031 1384 percellamini
1044 1305 1238 1375 clamoribus:

140 1389 290 1470 multiplex
305 1393 394 1467 enim,
411 1395 564 1474 multiplex
579 1407 609 1456 et
624 1397 719 1457 audax
738 1396 827 1456 homo
844 1408 900 1467 est,
914 1395 1188 1475 itaquemaleflcus,
1206 1407 1240 1457 ut

141 1501 208 1562 qaae
223 1486 346 1546 testibus
361 1490 483 1566 probare
497 1509 556 1548 non
571 1500 679 1568 potest,
697 1510 735 1550 es
747 1510 801 1550 vos
813 1492 887 1552 scire
899 1491 936 1550 sit
946 1491 1091 1563 dicturus,
1103 1491 1239 1561 ludices,

6 1587 7 1594 ’
137 1577 337 1654 quodomnes
352 1581 612 1660 faciuntquinihil
626 1583 817 1646 sanidicunt.
861 1584 922 1644 Vos
942 1584 1040 1661 igitur,
1053 1583 1079 1642 si
1094 1583 1239 1660 quidmle

138 1669 363 1744 machinabitur,
384 1693 423 1732 ne
439 1675 598 1752 permittite
611 1676 648 1746 ei,
666 1675 720 1734 sed
743 1676 888 1734 resistite:
908 1684 949 1744 et,
964 1674 1045 1753 quod
1058 1674 1240 1751 singulinea

110 1759 115 1772 '
137 1761 291 1830 noveritis,
305 1781 362 1822 nec
377 1762 504 1822 vicinum
518 1765 637 1842 quidem
655 1784 744 1824 nosse
764 1774 878 1844 putate,
893 1765 946 1824 aed
969 1764 1116 1843 postulate
1136 1773 1169 1823 ut
1180 1765 1241 1826 evi·

135 1850 246 1910 denter
266 1851 328 1930 ipse
344 1853 481 1914 ostendat
500 1875 537 1914 ea
557 1875 624 1934 qum
642 1855 779 1928 dicturus
794 1866 849 1924 est,
873 1875 969 1934 neque
992 1855 1118 1934 diceudo
1131 1876 1185 1916 vos
1204 1875 1241 1918 ea

136 1940 226 2012 scire,
240 1941 397 2020 dequibus
411 1945 475 2024 ipse
488 1945 560 2004 nihil
574 1947 649 2024 sequi
662 1945 760 2006 dicere
780 1947 897 2026 poterit,
912 1966 1007 2008 rerum
1020 1947 1170 2008 veritatem
1180 1948 1240 2016 ¹de·

137 2031 243 2111 rugiat.
284 2033 404 2094 Nam'et
415 2053 483 2115 ego,
496 2036 631 2110 ludices,
649 2057 717 2098 curn
729 2058 794 2099 ,vos
814 2057 916 2098 omues
936 2037 1036 2099 sciatis
1050 2038 1240 2117 quemadmo·
1342 2032 1346 2041 ’

139 2123 212 2184 dum
225 2134 314 2205 pater·
330 2145 412 2187 meur
427 2137 548 2189 coactus
563 2129 636 2190 istos
655 2130 814 2209 adoptarit,
827 2129 1017 2193 nibilominus
1034 2130 1101 2210 jure
1115 2151 1182 2192 cnm
1196 2133 1242 2197 eie
1271 2164 1281 2176 ‚

140 2235 209 2296 ago,
222 2227 256 2278 et
265 2229 361 2280 testes
373 2221 534 2282 rationibus
540 2221 703 2282 reddendis
717 2220 861 2283 obnoxios
875 2222 1018 2302 produco.
1053 2223 1158 2302 Neque
1170 2243 1240 2294 vero

140 2327 194 2388 par
212 2310 360 2372 nobismet
372 2311 540 2377 discrimen.
588 2313 648 2374 Sed
667 2312 738 2372 mihi
756 2314 887 2392 quidem,
906 2315 933 2372 si
946 2331 999 2374 vos
1020 2333 1099 2377 nunc
1119 2315 1157 2377 ab
1175 2315 1239 2382 istie

141 2399 338 2482 decipiemini,
348 2403 474 2483 posthac
483 2423 542 2466 nou
552 2405 652 2478 licebit
663 2426 752 2484 agere
765 2407 804 2466 de
813 2406 903 2466 dote:
925 2407 991 2467 istis
1005 2425 1085 2478 vero,
1100 2407 1240 2476 sidieuut

139 2513 188 2553 me
207 2496 306 2558 arbitri
323 2499 476 2558 sententia·
487 2499 600 2574 injuste⁴
613 2517 681 2564 esse.
700 2499 876 2572 absolutum,
888 2510 921 2561 et
942 2509 1006 2560 tum
1026 2499 1168 2568 lieuitad
1185 2519 1239 2563 ros

139 2586 309 2666 appellare,
320 2600 351 2649 et
371 2610 450 2651 nunc
474 2589 572 2652 denuo
593 2590 702 2663 licebit,
715 2593 741 2652 si
762 2592 918 2665 voluerint,
926 2595 978 2669 jus
997 2593 1041 2668 eis
1054 2612 1073 2652 a
1085 2611 1133 2655 me
1151 2611 1239 2655 suurn

139 2677 220 2756 apud
229 2697 283 2738 vos
297 2680 428 2759 adipisci.
470 2678 545 2759 Ego,
559 2681 719 2752 simonos,
735 2681 817 2761 quod
836 2683 924 2754 absit,
937 2675 1089 2757 deseretis,
1108 2703 1167 2744 nou
1186 2683 1239 2749 he·

138 2769 216 2830 bebo
229 2770 310 2831 uude
324 2771 391 2831 filiae
406 2772 504 2831 dotem
525 2790 724 2844 annumerem,
735 2773 821 2851 cujus
834 2791 902 2832 cum
916 2784 1021 2834 natura
1035 2775 1090 2836 sim
1103 2785 1199 2854 pater,
1212 2776 1239 2836 si

138 2871 279 2924 staturam
292 2865 355 2944 ejus
369 2862 504 2937 videatis,
519 2882 578 2924 non
592 2863 681 2923 liliam
697 2882 763 2922 esse
777 2882 884 2936 meam,
900 2864 954 2922 sed
976 2883 1104 2926 sororem
1119 2866 1238 2926 arbitre-

7 2959 8 2972 ’
138 2955 227 3015 mini:
246 2956 305 3028 isti,
326 2955 351 3014 si
373 2975 420 3014 me
435 2955 581 3030 juveritis,
594 2953 664 3013 nihil
681 2953 718 3014 de
732 2974 787 3014 suo
807 2953 931 3023 solvent,
946 2954 998 3013 sed
1013 2954 1132 3014 demea
1150 2954 1239 3016 domo

137 3067 237 3108 meum
251 3048 321 3107 mihi
336 3047 469 3123 reddent,
482 3067 569 3126 quam
584 3066 651 3108 cnm
665 3046 874 3108 secreverimus
883 3045 1074 3106 communiter
1083 3064 1186 3105 omnes
1199 3048 1238 3107 ad

138 3140 217 3202 dotia
239 3140 428 3219 solutionem,
442 3140 490 3200 isti
508 3141 641 3201 habitare
662 3140 692 3200 in
716 3159 753 3200 ea
776 3139 831 3198 soli
852 3147 988 3218 pergunt.
1030 3137 1137 3217 Neque
1160 3138 1238 3198 enim
1343 3160 1346 3164 ⁴

138 3233 209 3294 nihi
223 3233 411 3296 commodum
425 3234 571 3295 estliliam
585 3233 705 3294 habenti
727 3233 856 3294 nubilem
878 3252 945 3292 cum
968 3231 1074 3293 talibus
1096 3231 1238 3304 habitare,

138 3325 189 3404 qui
202 3345 263 3387 non
276 3326 334 3406 ipsi
348 3325 436 3396 modo
449 3325 596 3386 luxuriose
609 3326 721 3396 vivunt,
741 3334 787 3384 set
805 3323 899 3384 et‘sui
914 3322 1022 3384 similes
1037 3323 1112 3383 alios
1129 3322 1237 3384 multos

138 3417 168 3476 in
181 3418 264 3479 redes
278 3416 476 3489 introducunt,
489 3435 585 3496 neque
598 3416 698 3487 etiam,
712 3417 755 3475 ita
766 3435 813 3475 me
829 3426 907 3476 amet
921 3415 1048 3494 Jupiter,
1061 3424 1157 3475 tutum
1170 3434 1238 3475 esse

138 3509 209 3569 mihi
232 3520 304 3590 puto
319 3528 474 3570 commune
492 3527 559 3567 cum
580 3507 747 3566 hominibus
769 3504 932 3566 istiusmodi
952 3503 1148 3565 domicilium:
1170 3526 1238 3566 narn

139 3601 188 3679 qui
202 3602 277 3662 adeo
290 3601 388 3680 palam
408 3599 479 3660 mihi
491 3619 543 3680 per
556 3599 677 3658 insidias
697 3597 859 3676 periculum
874 3597 903 3656 in
921 3599 1076 3677 Areopago
1091 3608 1238 3669 crearunt,

138 3713 198 3773 quo
210 3695 260 3754 isti
274 3693 357 3754 vobis
369 3703 421 3752 aut
432 3691 572 3752 veneficio
587 3691 709 3751 autulio
722 3691 854 3770 ejusdem
869 3689 985 3767 generis
999 3689 1127 3749 facinore
1148 3688 1238 3748 absti-

138 3805 208 3847 nere
221 3785 297 3846 velle
310 3783 486 3846 rideantur?
509 3784 567 3852 Qui
580 3793 686 3861 praeter
700 3794 916 3863 caetera-qam
931 3790 961 3840 et
974 3781 1032 3841 boc
1046 3781 1134 3866 modo
1156 3779 1239 3838 venit

137 3878 168 3938 in
181 3879 451 3938 memoriam—tam
462 3875 569 3953 insigni
580 3895 645 3936 esse
656 3883 806 3954 creperunt
815 3873 1005 3953 impudentia,
1021 3883 1053 3930 ut
1068 3882 1100 3930 et
1109 3869 1237 3929 Critonis

139 3970 336 4032 testimonium
359 3969 521 4050 injecerint,
535 3988 601 4028 eum
621 3968 736 4029 tertiam
758 3965 865 4025 aedium
889 3963 1032 4060 partema
1049 3981 1096 4023 me
1113 3960 1236 4022 emisse:

139 4063 223 4142 quod
232 4083 299 4124 esse
313 4063 418 4122 falsum
432 4061 518 4122 facile
533 4059 714 4138 intelligetis.

181 4159 230 4216 13.
253 4155 381 4214 Primum
402 4154 478 4214 enim
498 4171 557 4214 non
582 4151 624 4210 ita
637 4149 788 4229 frugaliter
801 4145 871 4206 vivit
885 4146 977 4216 Crito,
990 4155 1024 4202 ut
1037 4143 1075 4203 ab
1088 4143 1146 4204 alio
1158 4145 1237 4205 redes

139 4259 229 4320 emat,
239 4247 294 4308 sed
306 4249 349 4308 ita
361 4255 530 4326 sumptuose
555 4255 585 4304 et
604 4243 763 4314 luxuriose,
777 4250 810 4299 ut
829 4249 934 4318 praeter
956 4254 1010 4296 sua
1028 4237 1116 4297 etiam
1140 4237 1237 4298 aliena

137 4351 314 4420 consumat:
335 4341 441 4403 deinde
461 4360 519 4401 non
542 4339 590 4402 isti
609 4357 687 4400 nunc
703 4335 901 4398 testimonium
931 4332 1014 4406 dicit,
1037 4335 1091 4394 sed
1113 4334 1183 4393 mihi
1207 4333 1237 4392 in

134 4435 248 4516 judicio
270 4435 449 4498 adversatur.
492 4432 566 4499 Quis
590 4432 665 4492 enim
694 4439 823 4490 vestrum
842 4426 966 4504 ignorat,
982 4433 1073 4488 testes
1092 4444 1159 4489 esse
1173 4443 1236 4501 eos,
