2967 5017
316 381 322 388 ·
420 367 612 432 exeunte
625 335 902 430 'cosoroeoss
1148 365 1207 426 sss

120 521 257 604 equidem
271 541 383 596 omnes,
403 524 429 584 si
448 524 596 603 quidese
609 524 748 606 preclare
761 525 871 586 factum
889 520 1048 592 confidant,
1062 517 1093 579 id
1107 535 1208 589 unum,

120 615 263 676 tutionem
276 634 309 676 se
321 615 443 676 reddere
461 625 590 696 paratos,
599 621 712 693 iactare
724 625 864 698 perpetuo
876 615 961 674 video
973 633 982 674 ι
1002 620 1033 672 at
1046 611 1093 671 isti
1105 620 1209 672 contre

120 708 152 768 id
165 706 388 788 reprehendunt,
401 707 481 788 quod
502 707 567 770 illes
589 729 636 771 res
657 711 689 770 in
709 707 815 789 quihus
833 706 948 768 errastis
962 723 1038 765 nunc
1052 721 1208 784 prorogare

119 799 220 871 sultis,
232 807 320 878 etque
338 798 527 879 imposturam
538 800 734 868 ¹valentiorem
755 809 886 880 oportere
898 817 963 860 esse
982 795 1210 858 existimantes

121 909 188 970 quse
199 909 282 952 more
292 889 492 953 intercedente
508 893 544 954 ht
554 893 735 972 probatione.
776 891 856 961 Quid
869 899 965 952 autern
978 889 1018 948 illi
1030 889 1210 969 propositum

121 983 260 1055 habeam,
271 993 402 1044 restrum
415 983 503 1044 etiem
514 985 645 1066 plerique
657 987 781 1048 fortasse
793 1004 854 1047 non
872 983 1025 1063 ignorent:
1046 981 1100 1042 sed
1118 999 1211 1060 quon·

122 1072 181 1134 ism
204 1073 339 1135 dicende
358 1075 514 1148 sententie
532 1087 662 1156 peterten
681 1077 753 1136 date
776 1087 832 1146 est,
855 1094 891 1137 ee
909 1093 1053 1155 quemque
1081 1073 1211 1153 protere

124 1161 219 1238 decet,
232 1184 361 1246 perque
372 1167 492 1246 negotia
508 1167 573 1230 hsec
584 1189 673 1248 quem
683 1167 845 1228 rectissime
858 1165 1103 1231 administrentur.

595 1321 734 1384 varrr.

165 1435 252 1507 Quod
264 1437 446 1518 profuturum
459 1447 506 1500 est
518 1439 661 1504 »universae¹
676 1441 797 1516 civitati,
811 1441 842 1504 id
862 1451 896 1504 ut
916 1451 948 1504 et
968 1441 1081 1504 dicatur
1097 1439 1135 1500 ab
1148 1457 1212 1500 om·

125 1528 212 1590 nibus
225 1549 336 1609 precor,
349 1529 557 1605 Athenienses,
570 1542 601 1593 et
612 1553 632 1593 a
643 1534 728 1596 vobis
740 1535 926 1596 decernatur.
967 1534 1033 1613 Ego
1045 1531 1163 1612 quidem
1177 1550 1215 1592 ea

124 1620 234 1693 dicem,
246 1640 314 1700 quse
328 1619 483 1682 utilissime
498 1642 564 1683 esse
582 1624 664 1684 robis
677 1624 748 1686 mihi
768 1626 912 1708 persuasi,
924 1634 1035 1686 tantum
1047 1631 1182 1703 precatus
1195 1640 1216 1682 a

123 1713 220 1786 vohis,
233 1731 270 1772 ne
282 1710 328 1772 vel
348 1712 418 1772 belli
439 1713 616 1795 suscipiendi
638 1726 785 1792 euctores,
798 1726 953 1797 propterea
965 1716 1067 1794 sortes,
1084 1714 1131 1775 vel
1150 1713 1214 1774 illo-

124 1822 192 1864 rum
202 1802 392 1876 adversarios,
405 1803 526 1884 ignavos
540 1806 642 1867 eadem
651 1805 690 1868 de
702 1828 794 1870 causa
806 1809 986 1869 existimetis.
1018 1805 1124 1887 Neque
1137 1806 1214 1865 enim

125 1893 232 1954 eadem
254 1900 309 1965 est,
331 1893 539 1969 Athenienses,
558 1897 774 1980 prebendarum
789 1909 819 1961 et
836 1900 997 1960 orationum
1019 1906 1050 1959 et
1068 1897 1214 1958 actionum

124 1985 216 2047 ratio:
236 2005 314 2045 nunc
337 1987 415 2048 enim
433 1985 592 2067 prudenter
614 1989 773 2052 deliberare
802 2011 855 2052 vos
882 1991 978 2064 decet,
995 1999 1062 2071 turn
1086 2007 1166 2062 vero,
1190 1987 1217 2048 si

123 2076 200 2138 sorte
213 2075 308 2138 risum
321 2075 418 2148 fuerit,
432 2079 519 2138 edere
542 2077 630 2140 lentie
650 2079 789 2143 facinora.
830 2083 875 2142 Ac
897 2092 995 2142 vestre
1015 2078 1132 2160 quidem
1156 2077 1216 2139 ala·

125 2169 214 2229 crites
227 2166 371 2246 quantivis
383 2168 468 2248 pretii
482 2189 517 2230 ac
537 2170 604 2229 telis
624 2170 718 2245 adest,
731 2174 847 2252 qualem
861 2171 1006 2254 exopterit
1018 2173 1042 2231 is
1056 2171 1105 2252 qui
1122 2169 1218 2252 reipu-

125 2261 212 2326 blicae
231 2261 399 2322 consultum
419 2260 509 2321 velit:
529 2281 596 2341 quae
619 2275 728 2343 quanto
750 2263 947 2326 vehementior
966 2274 1012 2324 est
1032 2271 1120 2342 etque
1142 2281 1217 2342 prse-

126 2352 243 2425 clarior,
255 2362 336 2412 tanto
349 2353 444 2430 megis
459 2351 683 2432 providendum,
696 2367 730 2416 ut
744 2374 780 2415 ee
792 2363 954 2436 opportune
967 2353 1101 2414 utemini.
1142 2351 1218 2413 Nul-

127 2443 184 2506 lius
205 2443 284 2504 enim
296 2443 338 2503 rei
351 2445 500 2525 susceptio
512 2443 659 2520 laudatur,
670 2446 728 2508 nisi
750 2447 837 2508 finem
860 2445 948 2508 etiem
970 2447 1071 2508 utilem
1084 2446 1220 2506 sortietur

126 2547 158 2597 et
170 2537 337 2598 honestum.
377 2535 443 2614 Ego
459 2554 541 2606 vero,
554 2537 760 2612 Athenienses,
774 2539 852 2619 apud
865 2559 917 2601 vos
931 2561 948 2600 e
961 2541 1023 2601 viro
1037 2558 1084 2604 me
1103 2537 1220 2598 audisse

127 2629 256 2700 memini,
269 2626 319 2707 qui
332 2645 388 2686 nec
400 2626 555 2707 prudentia
566 2647 666 2689 carere
684 2649 739 2690 nec
757 2631 906 2712 imperitus
921 2630 962 2692 rei
985 2631 1116 2691 militaris
1128 2629 1220 2690 habe·

128 2731 220 2792 retur,
229 2717 405 2799 Iphicratem
417 2717 494 2788 dico,
503 2716 554 2797 qui
565 2719 608 2779 sic
621 2728 772 2794 assereret,
781 2721 949 2782 adeundum
961 2740 1028 2782 esse
1038 2719 1107 2780 duci
1120 2719 1222 2781 discri-

127 2831 198 2874 men
211 2809 290 2884 belli,
302 2829 363 2871 non
376 2820 411 2871 ut
421 2809 467 2870 sel
479 2811 545 2870 hec
558 2809 607 2871 vel
619 2810 671 2871 illa
681 2813 841 2886 evenirent,
860 2813 913 2873 sed
931 2822 966 2872 ut
983 2811 1066 2872 haec:
1086 2810 1131 2871 his
1145 2811 1220 2871 enim

56 2969 61 2978 ,
127 2904 225 2967 serbis
248 2903 393 2964 utebatur.
434 2902 535 2964 Facile
553 2912 651 2964 autem
669 2903 898 2984 intelligebatur,
917 2903 974 2964 hoc
993 2924 1060 2964 eum
1080 2903 1166 2976 velle,
1189 2913 1223 2963 ut

128 3001 206 3060 hene
224 3005 379 3077 pugnaret.
420 2995 565 3076 suscepte
584 2994 672 3076 igitur
695 2995 892 3075 expeditione,
907 2997 943 3069 is,
957 2995 987 3055 in
1007 3013 1094 3075 quem
1115 2993 1224 3054 collata

130 3099 177 3152 est
188 3089 302 3170 imperii
315 3087 484 3160 auctoritas,
497 3106 552 3149 suo
566 3108 619 3149 vos
637 3088 775 3150 erbitrstu
797 3087 896 3148 ducit:
917 3107 996 3149 nunc
1014 3107 1082 3148 vero
1100 3085 1223 3166 quisque

128 3193 259 3244 vestrum
271 3180 341 3240 belli
355 3181 446 3240 duces
460 3181 543 3242 estis.
582 3179 686 3260 ltaque
695 3177 994 3258 hujusmodiconsilia
1004 3179 1085 3239 vohis
1095 3177 1224 3238 incende

130 3285 207 3348 sunt,
222 3292 290 3352 quse
301 3273 339 3334 ah
351 3273 430 3332 omni
443 3281 526 3352 perte
544 3261 713 3357 renducent
727 3271 918 3352 Reipublicae,
932 3291 1029 3352 neque
1042 3270 1224 3332 committen-

131 3367 201 3428 dum
226 3377 260 3426 ut
282 3376 400 3448 propter
418 3366 546 3426 incertas
559 3382 628 3445 spes
641 3365 797 3444 quicquam
816 3364 864 3425 isti
884 3363 1015 3428 felicitati
1029 3362 1225 3445 periculosum

133 3457 304 3522 admittatis.

625 3559 731 3622 XLIX.

167 3667 328 3732 'Neminem
340 3669 404 3729 iore
423 3669 574 3747 putabam,
589 3667 794 3738 Athenienses,
813 3663 862 3744 qui
884 3666 958 3726 actis
977 3664 1038 3725 suis
1059 3663 1150 3724 iretur
1163 3662 1226 3723 cui-

134 3783 221 3842 quam
235 3763 409 3821 irasceretur
422 3759 452 3819 in
467 3778 504 3819 ee
523 3757 690 3838 inquirenti.
730 3758 800 3827 Quo
821 3755 899 3817 enim
923 3755 974 3816 illa
996 3755 1102 3835 saepius
1123 3753 1227 3836 explo-

135 3866 245 3929 rentur,
257 3872 293 3914 eo
305 3853 415 3931 majore
429 3870 552 3914 necesse
565 3861 612 3934 est
624 3861 760 3912 auctores
779 3848 894 3909 ullorum
911 3847 1014 3908 llorere
1038 3846 1139 3926 glorie.
1166 3846 1228 3908 Vs·

136 3967 197 4007 rum
211 3947 268 4028 ipsi
281 3944 351 4004 mihi
371 3945 470 4024 palem
492 3944 590 4004 iacere
606 3943 751 4016 videntur,
773 3962 805 4002 se
820 3961 867 4001 res
880 3939 1094 4000 administrasse
1113 3959 1173 3999 non
1186 3957 1228 4000 ex

136 4039 261 4099 utilitate
281 4037 474 4117 Reipublicae.
513 4035 761 4115 (tetigissemus
776 4034 813 4094 de
827 4034 941 4114 integro
954 4033 1027 4093 retio
1041 4033 1228 4094 consiliorum

138 4141 325 4210 actorumque
337 4126 490 4189 reddendo
502 4138 559 4201 est,
574 4147 629 4188 sua
641 4129 772 4189 facinore
786 4125 997 4206 deprehensum
1012 4123 1045 4183 iri
1058 4123 1229 4203 prevident,

137 4223 363 4302 tergiuersantur
375 4230 408 4283 et
420 4239 475 4280 nos
497 4219 619 4299 indigne
635 4222 731 4282 facere
754 4218 868 4278 dicunt.
908 4217 1010 4294 Atqui,
1024 4217 1047 4275 si
1061 4235 1112 4276 eos
1130 4217 1179 4298 qui
1198 4217 1229 4278 in

138 4325 315 4376 actarum
327 4313 475 4392 inquirunt
487 4312 646 4391 iniquitatis
658 4311 813 4385 accusetis,
827 4308 898 4390 quid
908 4309 1024 4372 tandem
1036 4329 1091 4375 nos
1101 4311 1231 4374 devehis

138 4406 269 4468 dicemus
282 4406 333 4487 qui
346 4425 402 4465 nos
414 4404 471 4484 ipsi
481 4404 657 4484 decepistis?
