2967 5017
244 297 299 394 1'ot
569 329 612 390 m
634 321 976 390 crasrrnonrsu.

240 483 366 546 ahenam
378 481 525 556 audirent,
539 483 578 542 ad
591 481 672 542 aliud
685 479 807 560 ahquod
827 477 959 538 animum
979 474 1144 536 advertunt.
1181 469 1251 532 Jam
1268 487 1354 531 vero

240 595 278 640 ex
296 576 506 637 Demosthenis
520 575 632 636 artibus
654 585 770 653 turpem
783 569 1025 633 consuetudinem
1041 567 1070 626 iu
1080 564 1191 647 judicia
1210 565 1351 644 irrepere

244 668 362 730 sitistis.
391 669 510 728 Inversa
523 667 601 727 enim
614 666 699 726 nobis
717 675 785 726 aunt
800 663 872 744 jura
885 659 1029 723 ciuitatis:
1046 669 1199 720 accusator
1217 657 1352 736 quidem

240 760 382 831 defendit,
397 780 464 819 reus
478 759 732 838 accusst‚judices
747 775 870 840 quarum
883 773 979 814 rerum
992 753 1203 830 disceptatores
1217 749 1354 808 sedeant
1469 793 1470 820 ξ

241 853 388 912 interdum
406 853 627 923 obliviscuntur,
641 850 679 909 de
694 850 729 908 iis
741 850 916 918 actorebus,
928 841 1246 925 quarumjudicesuon
1260 850 1353 914 sunt,
1469 873 1470 926 j

243 945 417 1004 sententiam
439 945 514 1004 ferre
528 952 683 1022 coguntur.
728 941 822 1012 Reus,
836 940 861 998 si
882 936 1001 1018 quando
1016 953 1076 993 rem
1095 935 1188 1015 ipsam
1201 932 1353 1010 attigerit,

180 1089 192 1098 .
243 1057 303 1097 non
316 1057 350 1097 se
363 1038 435 1099 dicit
452 1037 584 1116 legitima
601 1036 768 1114 scripsisse,
792 1033 845 1093 ssd
863 1032 953 1092 alium
974 1029 1061 1088 etiam
1080 1025 1169 1086 antea
1186 1047 1254 1086 cum
1271 1027 1354 1086 talia
1469 1063 1470 1068 κ

125 1167 129 1179 =
240 1131 407 1210 scripsisset
432 1128 600 1188 absolmum
625 1144 709 1186 esse:
741 1143 801 1203 quo
822 1125 941 1202 quidem
965 1131 1138 1200 argumento
1163 1137 1353 1199 magnopere
1469 1157 1470 1190 ,

238 1227 301 1297 jam
315 1241 396 1281 nunc
408 1220 517 1280 elatum
532 1238 598 1280 esse
609 1217 697 1278 audio
711 1217 941 1296 Ctesiphontem.

285 1315 335 1371 65.
359 1315 456 1376 Ausus
470 1322 518 1371 est
539 1309 696 1389 aliquando
710 1307 788 1389 apud
810 1329 863 1368 ros
885 1307 1000 1387 gloriari
1014 1305 1190 1383 Aristophon
1205 1303 1254 1362 ille
1271 1303 1351 1362 Aac·

244 1406 366 1477 niensis,
380 1425 413 1465 se
427 1404 614 1484 septuaginta
626 1402 938 1480 quiuqnetactionibus
952 1400 989 1459 de
1008 1399 1130 1458 decretis
1144 1407 1248 1456 contra
1259 1396 1351 1476 leges
1469 1403 1470 1438 t

243 1496 330 1556 factis
343 1497 518 1576 postulatum
532 1495 633 1554 fuisse.
665 1495 704 1552 At
718 1513 776 1551 non
791 1492 831 1553 ita
843 1492 957 1572 priscus
972 1492 1022 1551 ille
1037 1489 1196 1569 Cephalus,
1215 1489 1268 1567 qui
1281 1507 1350 1548 om·
1424 1543 1428 1551 .

243 1591 326 1649 nium
336 1591 461 1648 maxime
474 1587 622 1667 popularis
632 1586 818 1658 seruabitur,
832 1585 944 1644 nonita
956 1585 1064 1661 inquunt
1076 1605 1085 1642 .·
1108 1582 1160 1642 sed
1170 1581 1256 1660 plane
1271 1597 1350 1640 con*

244 1682 339 1740 trariis
361 1680 539 1758 gloriabatur
558 1680 653 1752 factis,
668 1678 750 1756 quod
767 1697 882 1757 nempe,
896 1695 961 1736 cum
975 1676 1165 1756 pluraquam
1185 1673 1352 1752 quisalius
1469 1721 1470 1756 Ξ

245 1773 400 1851 plebiscita
427 1771 599 1850 scripsisset,
625 1791 777 1850 nunquam
805 1781 902 1830 tamea
923 1769 960 1829 de
982 1769 1106 1828 decretis
1133 1771 1234 1826 contra
1260 1765 1350 1846 leges

246 1864 362 1942 scriptis
376 1883 443 1923 reus
455 1865 552 1924 factus
566 1873 655 1936 esset,
668 1864 812 1944 prmclsra
826 1881 891 1922 mea
908 1861 1025 1941 quidem
1041 1858 1185 1920 sententis
1198 1857 1348 1937 gloriatio.

247 1955 327 2014 Nam
341 1956 379 2015 de
401 1956 529 2016 decretis
541 1955 697 2016 adversum
712 1955 794 2035 leges
810 1954 895 2014 factis
909 1954 958 2013 alii
980 1953 1051 2014 alios
1067 1951 1266 2032 postulabant,
1285 1969 1349 2010 non
1469 1963 1470 2040 j

246 2048 266 2106 ii
280 2056 394 2108 tantum
406 2048 456 2127 qui
479 2050 510 2106 in
523 2048 593 2126 reip.
608 2048 740 2127 partibus
754 2047 941 2120 dissiderent,
955 2063 1055 2106 rerum
1069 2043 1156 2104 etiam
1171 2043 1257 2102 amici
1276 2043 1350 2102 ami·
1469 2045 1470 2092 1

246 2157 309 2209 cos,
323 2141 347 2196 si
361 2141 431 2216 quid
454 2140 484 2197 in
505 2131 712 2220 rempublicam
725 2140 949 2200 commisissent.
981 2137 1018 2196 Id
1031 2147 1128 2196 autem
1151 2135 1258 2196 exinde
1272 2155 1347 2214 cog·

247 2230 400 2300 noscetis„
417 2231 564 2292 Archinus
586 2233 705 2294 Coeleus
724 2233 898 2293 violatarum
918 2232 1016 2309 legum
1030 2229 1197 2310 postulabat
1214 2229 1346 2308 Thrasy·
1469 2291 1470 2294 Ἴ

248 2324 351 2382 bulum
370 2325 551 2397 Stiriensem,
564 2325 645 2403 quod
659 2335 761 2384 contra
775 2324 855 2402 leger
869 2325 1019 2384 decretum
1039 2323 1160 2392 fecerat,
1173 2340 1263 2379 unum
1287 2321 1347 2382 sci·
1469 2309 1470 2340 ³

247 2414 316 2473 licet
335 2435 371 2472 ex
390 2417 424 2473 iis
436 2416 486 2492 qui
502 2435 601 2476 secum
615 2434 635 2473 a
648 2415 742 2493 Phyle
755 2417 952 2484 revertissent,
966 2425 997 2473 et
1010 2433 1092 2474 reum
1105 2413 1225 2492 peregit,
1240 2432 1344 2472 recen·

245 2505 323 2563 tibus
337 2505 425 2562 etiarn
439 2515 510 2564 tunc
523 2510 585 2578 ejus
599 2525 669 2580 erga
682 2506 823 2582 populum
836 2505 995 2574 beneficiis,
1006 2523 1129 2582 quorum
1144 2515 1241 2562 tamen
1255 2505 1345 2565 ratio·
1469 2499 1470 2554 Ὗ

247 2614 315 2654 nem
338 2613 523 2673 nequaquam
533 2593 647 2672 judices
660 2593 848 2653 habuerunt:
869 2595 1075 2653 existimabant
1093 2593 1181 2666 enim,
1204 2596 1348 2674 quemad-

248 2685 367 2745 modum
388 2697 451 2745 tum
472 2686 552 2765 ipsos
576 2685 744 2744 exsulantes
768 2684 966 2764 Thrasybulus
991 2696 1166 2759 revocasset,
1192 2688 1232 2747 ita
1258 2690 1348 2750 etiam

249 2797 329 2837 nunc
343 2777 468 2838 eundem
482 2796 515 2836 se
533 2777 564 2835 iu
581 2778 654 2836 urbe
667 2775 843 2836 constitutos
859 2778 1106 2848 exturbare,'oum
1121 2778 1230 2857 aliquid
1244 2793 1350 2841 contra
1469 2763 1470 2834 J

249 2871 333 2947 leges
346 2847 527 2928 decimaret.
546 2867 579 2926 N
582 2887 638 2926 unc
652 2879 752 2927 autem
766 2885 824 2927 non
838 2867 879 2928 ita
891 2869 935 2940 fit,
949 2868 1019 2946 quin
1033 2867 1119 2947 plane
1134 2869 1228 2930 aliter.
1249 2871 1348 2932 Vestri

248 2960 327 3020 enim
340 2960 436 3020 eximii
445 2961 643 3038 imperatores,
654 2979 814 3040 eorumque
824 2960 956 3020 nonnulli
967 2961 1017 3039 qui
1031 2961 1137 3020 vietum
1143 2963 1346 3040 quotidianum

250 3054 280 3112 in
294 3052 442 3133 Prytaneo
454 3063 630 3123 meruerunt,
644 3054 775 3113 actiones
789 3053 827 3112 de
841 3053 967 3114 decretis
982 3063 1086 3113 contra
1098 3054 1178 3133 leges
1193 3055 1278 3116 factis
1294 3059 1346 3118 de-

250 3146 464 3223 precationibus
477 3145 538 3204 stris
559 3155 702 3213 evertunt,
717 3163 790 3222 quoa
807 3146 938 3224 juraras
957 3145 1089 3222 ingratos
1109 3147 1273 3207 existimare
1294 3149 1346 3210 de-

250 3237 357 3298 beatis.
399 3236 431 3294 Si
445 3237 510 3314 quis
523 3235 639 3296 enimin
652 3235 745 3294 libera
755 3236 903 3314 republica
912 3237 1053 3301 honorem
1064 3248 1253 3310 consecutus,
1267 3240 1296 3299 in
1310 3259 1347 3302 ea

250 3329 412 3405 praesertim
426 3327 555 3402 civitate,
578 3343 665 3402 quam
680 3324 722 3384 dii
735 3326 876 3407 legesque
890 3341 1076 3398 conservant,
1099 3330 1133 3388 iis
1154 3331 1204 3408 qui
1219 3331 1345 3394 decreta

251 3418 366 3498 legibus
381 3416 506 3478 adversa
519 3419 649 3478 scribunt
662 3418 799 3499 opitulari
810 3421 910 3495 audet,
921 3420 945 3481 is
958 3441 1023 3482 eam
1034 3423 1126 3501 ipsam
1140 3423 1346 3501 rempublicam

253 3512 368 3584 evertit,
382 3531 402 3571 a
413 3531 473 3590 qua
490 3523 536 3573 est
546 3513 729 3575 honestatus.
1068 3563 1072 3572 .

293 3606 343 3666 66.
355 3598 508 3674 ‘Quaenam
526 3608 614 3684 igitur
626 3606 804 3668 defensionis
828 3612 901 3670 ratio
921 3619 1044 3689 patrono
1054 3611 1136 3690 justo
1157 3628 1192 3668 ac
1213 3610 1346 3670 modesto

253 3699 423 3778 praescripta
434 3698 503 3760 est?
525 3699 640 3759 Dicam.
668 3700 704 3758 ln
718 3711 776 3759 tres
795 3713 895 3779 partes
908 3703 1088 3762 distribuitur
1103 3703 1178 3772 dies,
1199 3721 1259 3779 quo
1272 3705 1348 3762 actio

254 3791 294 3850 de
314 3791 437 3851 decretis
439 3801 555 3870 „contra
575 3793 658 3871 leges
672 3793 758 3852 factis
777 3794 958 3872 injudicium
972 3797 1061 3854 venit.
1087 3793 1254 3853 infunditur
1271 3797 1346 3853 enim

255 3883 349 3960 prima
365 3902 442 3961 aqua
456 3885 630 3957 accusatori,
643 3885 769 3964 legibus,
782 3885 907 3946 libertati
921 3888 1047 3965 denique
1060 3885 1205 3966 populari,
1219 3887 1349 3946 secunda
1365 3881 1372 3894 '

254 3993 305 4033 reo
318 3973 411 4052 iisque
422 3977 547 4050 patronis
560 3978 609 4054 qui
622 3977 652 4035 in
666 3996 725 4036 rem
740 3978 832 4055 ipsam
846 3978 927 4055 loqui
939 3978 1060 4045 volunt;
1082 3997 1151 4037 cum
1171 3963 1238 4036 vero
1256 3979 1347 4058 prima

255 4067 401 4125 sententia
413 4086 473 4124 uon
487 4067 614 4127 solutum
627 4067 715 4126 fuerit
735 4069 906 4129 violatarum
927 4071 1025 4149 legum
1047 4071 1165 4143 crimea,
1186 4069 1274 4128 tertia
1287 4074 1346 4144 jam
1469 4091 1470 4096 ¹

256 4174 334 4232 aqua
345 4156 403 4217 litis
417 4157 604 4219 oesbmationi
618 4161 779 4221 infunditur
792 4173 953 4240 vestrmque
967 4163 1017 4222 ina
1033 4162 1236 4242 magnitudini.
1276 4163 1345 4228 Qui·

169 4295 177 4311 .
257 4251 477 4328 cunque-igitur
497 4254 526 4310 in
540 4255 713 4313 aestimanda
730 4255 783 4313 lite
802 4255 973 4335 suffragium
988 4257 1070 4335 petit,
1093 4258 1118 4315 is
1136 4257 1206 4314 iram
1222 4266 1345 4316 vestram

256 4339 449 4417 deprecatur:
467 4355 499 4402 at
511 4346 561 4422 qui
579 4347 609 4404 in
624 4347 717 4424 prrlna
738 4348 936 4406 contentionis
961 4357 1045 4425 perte
1072 4347 1241 4426 suffragium
1267 4349 1346 4426 petit,

252 4430 459 4509 jusjurandum
473 4439 558 4514 petit,
567 4438 663 4517 legem
677 4440 873 4520 petit,'populi
885 4441 1050 4504 libertatern
1063 4441 1147 4520 petit,
1158 4459 1282 4520 quorum
1296 4461 1345 4502 ns-
