2967 5017
255 315 301 376 rs·
415 259 426 282 ⁸
492 310 551 374 nn
574 310 697 376 unas
714 307 849 374 oasrl
871 301 1122 412 mosomus.

521 496 756 658 oscannum
784 505 1094 608 uauosrusms
1171 503 1176 512 ’

41 691 44 696 ’
156 725 159 731 -
260 687 364 770 ltaque
378 680 496 750 decreta
506 691 695 772 otprincipio
709 687 910 769 scripserunt,
925 685 1103 756 itomanam,
1114 681 1376 743 calomniatornm·

259 794 357 843 autern
372 784 460 842 rerba
472 783 502 840 in
511 782 574 843 dies
587 802 641 863 pro
655 796 787 863 tempore
797 791 957 842 mutantur.
983 777 1066 838 Facit
1076 785 1174 836 autem
1188 777 1367 836 concionem

259 893 353 933 meam
364 884 519 934 accusator
532 876 696 954 geminam:
721 872 871 933 decretum
886 869 1047 942 otiositas,
1063 887 1164 930 unam.
1191 869 1270 929 Cum
1283 869 1372 929 enim·

257 968 417 1046 posteriore
441 969 583 1028 concione
598 967 716 1027 dicendi
729 977 862 1047 potestas
876 965 947 1024 dato
970 983 1028 1024 non
1043 973 1132 1034 esset,
1153 959 1372 1042 sed'praesidss'

258 1059 456 1138 prohiberent,
470 1061 559 1119 verba
573 1059 669 1120 lacere
690 1078 750 1120 nou
764 1059 855 1119 licuit.
884 1057 963 1124 Quid
976 1075 1044 1116 vero
1062 1055 1133 1115 mihi
1153 1053 1327 1126 voluissem,
1340 1055 1367 1114 si

262 1149 438 1210 Philocratis
461 1161 573 1212 sectam
588 1153 741 1231 sequebar,
756 1167 791 1212 eo
811 1143 905 1230 pridie
925 1145 1000 1228 apird
1016 1149 1135 1208 eosdem
1150 1145 1300 1206 auditores
1315 1165 1366 1206 ac-

259 1242 404 1311 cusando.
425 1253 457 1302 et
470 1255 541 1322 post
553 1244 739 1304 intervallum
760 1243 854 1303 noctis
868 1242 953 1300 unius
969 1239 1174 1301 defendendo?
1196 1240 1306 1324 Utrum
1329 1249 1367 1300 nt

259 1333 316 1412 ipsi
335 1331 405 1393 mihi
425 1336 580 1396 accederet
594 1335 776 1398 auctoritati
795 1335 843 1396 An
864 1343 899 1397 ot
916 1334 959 1396 oh
971 1332 1156 1394 commodum
1170 1331 1291 1409 aliquod
1312 1353 1367 1410 per

260 1446 308 1485 me
317 1429 554 1510 compararetur?
575 1429 686 1488 Verum
700 1447 761 1487 non
776 1428 859 1488 licuit
872 1437 1027 1508 utrumque
1038 1427 1199 1506 consequi:
1222 1427 1278 1484 sad
1291 1427 1367 1488 illud

260 1520 400 1592 restabat,
415 1531 448 1581 ut
461 1531 491 1579 et
503 1522 633 1602 omnium
646 1520 813 1579 voluntates
828 1540 845 1578 a
859 1540 905 1578 me
925 1519 1095 1591 alienarem,
1116 1529 1147 1577 et
1159 1517 1230 1577 nihil
1247 1539 1366 1598 promo·

167 1600 172 1608 ’
260 1629 367 1670 rerem.
388 1611 472 1671 Voca
484 1609 553 1672 mdri
567 1613 754 1693 Amyntorem
770 1611 973 1684 Erchiensem‚
985 1609 1087 1690 etejus
1102 1611 1302 1670 testimonium
1319 1633 1363 1672 re·

259 1703 329 1762 cita.
360 1704 428 1772 Quo
448 1713 545 1764 autem
559 1713 645 1783 pacto
659 1704 689 1763 id
709 1703 849 1784 scriptum
865 1706 913 1774 sit,
933 1703 962 1762 in
985 1703 1084 1782 primis
1103 1695 1248 1784 exponam
1271 1703 1365 1766 robis.

259 1793 468 1856 Testimonium
482 1797 617 1877 perhibet
630 1798 773 1878 Amyntor
794 1795 932 1870 AEschini,
947 1816 1012 1856 cunr
1027 1796 1154 1876 populus
1169 1795 1206 1855 de
1221 1788 1365 1858 societate

260 1908 328 1947 curn
347 1887 485 1971 Philippo
497 1889 627 1950 ineunda
640 1891 677 1950 de
690 1889 836 1950 sententia
850 1887 1057 1972 Demosthenis
1074 1887 1102 1947 in
1116 1887 1276 1967 posteriore
1290 1887 1366 1948 dua·

259 1999 324 2040 rum
338 1981 512 2041 concionum
526 1981 711 2052 deliberaret,
727 2003 763 2043 ac
786 1983 875 2041 verbe
894 1981 990 2040 lacere
1010 2001 1069 2040 non
1090 1979 1208 2040 liceret:
1231 1979 1284 2038 sed
1308 1981 1362 2040 de·

259 2084 352 2143 creta,
369 2074 408 2134 de
432 2071 505 2152 pa'ce
532 2085 563 2133 et
585 2075 725 2134 societate
750 2074 839 2142 sacta,
858 2071 1077 2152 comprobanda
1097 2065 1156 2130 aut'
1170 2071 1365 2150 improbanda

262 2175 371 2236 essent,
397 2163 428 2224 in
446 2185 482 2226 ea
497 2165 641 2250 concione
664 2165 897 2226 Demosthenem
919 2164 1097 2226 assidentem
1123 2163 1178 2222 sibi
1197 2161 1364 2222 ostendisse

261 2257 403 2336 scriptum
418 2257 579 2331 decretum,
593 2257 641 2318 cui
655 2278 762 2317 nomen
783 2256 991 2318 Demosthenis
1006 2257 1207 2336 praescriptum
1220 2252 1309 2328 esset,
1327 2275 1365 2316 ao

262 2349 458 2420 consuluisse,
484 2371 523 2411 sn
545 2349 629 2409 daret
642 2349 758 2418 scnbae,
773 2358 805 2406 ut
820 2349 992 2427 presidibus
1007 2347 1140 2408 offerret:
1164 2345 1193 2406 i'n
1215 2367 1275 2426 quo
1291 2350 1363 2406 scri-

261 2440 380 2518 psisset,
392 2459 495 2517 pacem
509 2453 541 2503 et
559 2443 727 2502 societatem
741 2441 847 2502 iisdem
868 2441 1084 2502 conditionibus
1103 2462 1168 2504 esse
1186 2441 1363 2514 faciendam,

261 2531 368 2608 quibus
382 2531 571 2593 ⁸Philocrates
586 2535 750 2613 scripserat.
774 2521 857 2592 Voss
871 2533 942 2593 mihi
957 2535 1149 2615 Amyntorem
1163 2533 1363 2606 Erchicnsem,

263 2632 294 2682 et
305 2624 408 2698 citato,
427 2623 484 2685 nisi
501 2627 560 2686 huc
572 2626 688 2706 prodire
706 2625 841 2686 voluerit.

517 2813 817 2877 TESTIMONIUM
845 2813 1103 2878 AMYNTORIS.

262 2958 474 3025 Testimonium
487 2959 605 3039 quidem
616 2959 781 3032 audivistis,
800 2959 1008 3020 Athenienses.
1046 2959 1243 3021 Considerate
1263 2909 1361 3040 igitun

183 3065 192 3073 “
262 3063 359 3114 noum
379 3053 514 3114 rideatur
535 3053 620 3114 robis
634 3051 851 3113 Demosthenes
865 3071 912 3112 me
928 3071 1102 3114 accusasse:
1123 3071 1161 3112 an
1181 3067 1285 3114 conus
1304 3056 1360 3114 aab

261 3144 686 3224 meonominesemetipsamt
1127 3191 1129 3198 Α

302 3241 353 3297 24.
372 3238 519 3305 Quoniam
531 3249 630 3296 autem
643 3237 814 3296 concionem
829 3255 947 3316 qaoque
959 3255 1054 3297 meam
1069 3235 1249 3310 criminatur,
1262 3247 1293 3295 et
1307 3238 1361 3298 ha·

261 3327 340 3388 nitas
353 3347 373 3388 a
391 3347 437 3388 me
463 3329 610 3386 orationes
630 3327 708 3388 male
733 3329 880 3390 hamando
901 3329 1061 3411 depravat:
1089 3347 1146 3408 ego
1165 3349 1220 3390 nee
1241 3330 1361 3410 defugio

261 3439 444 3500 eorumque
462 3430 523 3480 tum
538 3419 610 3491 dixi,
625 3441 721 3500 neque
735 3423 865 3502 negarim
880 3423 1056 3501 quicquam:
1085 3441 1208 3501 quorum
1223 3422 1299 3482 adeo
1311 3443 1360 3485 me

261 3513 434 3592 sonperht,
448 3525 482 3572 ut
493 3533 532 3574 ca
544 3513 625 3573 latrdi
634 3533 752 3592 quoque
765 3515 834 3575 mihi
848 3516 967 3575 ducam.
992 3515 1150 3575 Revocabo
1163 3526 1261 3576 autom
1276 3516 1360 3576 vobis

260 3605 290 3664 in
302 3605 470 3666 memoriam
481 3617 646 3684 temporum
660 3606 868 3678 conditionem,
880 3607 985 3684 quibas
1000 3606 1216 3666 deliberabatis.
1242 3606 1359 3666 Bellum

260 3698 401 3777 principio
410 3699 592 3778 suscepimus
602 3718 656 3777 pro
669 3699 848 3779 Amphipoli.
872 3701 932 3758 Res
943 3709 1043 3759 autem
1055 3699 1246 3758 aoradierntc
1260 3709 1362 3758 nomer

260 3789 416 3867 imperator
428 3789 587 3850 foedemms
601 3792 690 3850 urbes
706 3809 737 3848 s.
752 3804 783 3851 et
797 3809 870 3851 axx.
886 3792 1034 3862 amiserat,
1050 3809 1172 3868 quarum
1189 3791 1360 3850 Timotheus

261 3879 392 3946 Cononis
407 3899 435 3940 r.
455 3882 566 3960 potitus
583 3894 659 3953 crat,
677 3901 813 3960 quasque
828 3893 928 3942 nostro
941 3883 1066 3942 concilio
1081 3881 1359 3962 adjunxeras-ata·

163 3967 167 3975 ’
260 3975 338 4034 crevi
350 3975 427 4040 enim
442 3973 513 4035 nihil
527 3973 767 4044 dissimularent
784 3975 874 4033 libere
889 3974 975 4033 simul
988 3991 1114 4052 veraque
1128 3973 1276 4052 loquendo
1289 3993 1360 4034 oon·

260 4052 379 4134 mnan,
392 4066 437 4122 sin
451 4065 535 4123 aliter
549 4065 706 4134 monentis,
719 4066 818 4126 animo
832 4076 930 4124 tamen
943 4085 1011 4125 meo
1024 4065 1157 4144 obsequi,
1173 4086 1269 4146 neque
1282 4066 1358 4124 anbrs

260 4158 523 4232 tergiversabor-r
533 4170 640 4218 etcum
651 4161 841 4220 comumnes
851 4181 870 4219 e
880 4161 1035 4224 navalibus
1043 4163 1220 4240 accepmet,
1233 4179 1361 4220 novur.

260 4247 555 4328 reduxerat—atque
567 4251 633 4310 haec
646 4253 731 4311 vobis
745 4265 933 4312 accusatores
947 4253 976 4312 in
992 4253 1128 4313 Charetis
1141 4254 1279 4333 periculis
1290 4255 1361 4314 sub÷

260 4337 328 4399 inde
336 4335 536 4400 ostendunt-
547 4363 554 4401 ι
569 4353 600 4401 et
611 4361 670 4401 nso.
682 4342 795 4404 talenta
808 4363 868 4403 non
878 4344 907 4402 in
914 4343 1039 4418 milites,
1053 4345 1107 4404 sed
1121 4345 1270 4406 indacum
1280 4347 1362 4404 ineo*

256 4429 377 4491 leuuca
390 4431 538 4512 insumpta
550 4445 649 4495 cram:
669 4437 701 4494 in
709 4435 862 4510 oetatem,
878 4437 1051 4518 Deipyrom,
1070 4437 1360 4519 Polyphontem·in
