2967 5017
408 347 601 410 EXORDIA
621 345 887 410 CONCIONUM.
1137 353 1195 411 809

107 521 200 586 quum
212 501 354 575 eliud,ub
376 503 452 564 lllud
472 505 576 564 saltem
596 511 784 582 utrorumque
806 505 952 564 orationes
975 503 1075 566 audire
1097 505 1194 578 velim,

107 607 155 669 ut,
168 597 194 657 si
206 596 342 675 quodem
352 596 419 675 qu‘n
435 595 544 658 rectius
559 612 649 676 quum
667 594 795 676 impetus
807 609 903 657 vester
924 605 954 656 et
973 597 1118 676 cupiditas
1139 598 1196 660 lert

104 687 230 760 diceret,
253 689 317 768 ejus
335 687 490 750 eonsilium
512 687 777 767 amplecteremini:
798 689 843 748 ein
857 688 1059 750 destitueretur
1078 690 1195 770 ingenio

104 799 208 862 neque
229 780 403 842 sententium
426 781 512 842 enimi
533 781 578 842 sui
601 781 745 860 explicere
768 793 926 860 possetne
948 782 978 842 id
1001 782 1029 842 ei
1050 801 1114 855 sue,
1134 801 1195 844 non

103 881 207 932 vestre
229 873 317 953 culpe
339 876 388 953 qui
411 873 509 933 audire
530 872 638 944 nolitis,
652 872 794 931 accidisse
814 871 964 932 videretur.
1007 873 1120 932 Deinde
1135 893 1195 936 nou

102 973 193 1024 tante
219 965 351 1026 molestie
372 964 568 1037 efficeremini,
587 963 716 1042 siquem
745 963 838 1024 multu
862 973 1022 1042 negantem
1044 965 1195 1039 audiretis,

102 1042 229 1136 querite,
243 1057 367 1135 siquem
380 1057 430 1136 qui
448 1065 643 1136 opportunum
657 1053 767 1133 aliquid
783 1055 862 1116 dictu
876 1056 998 1116 heberet
1009 1055 1194 1136 prohibentis.

101 1149 152 1208 Ac
166 1149 338 1228 principium
350 1149 470 1227 quidem
483 1159 531 1208 est
541 1159 621 1207 recte
633 1147 776 1226 prnbeudi
796 1149 903 1222 omnio,
916 1161 948 1208 ut
968 1167 1007 1208 ne
1023 1148 1094 1226 quid
1108 1159 1196 1212 nutes

100 1259 159 1302 vos
172 1249 271 1302 tenere
284 1229 502 1320 potetis,'quum
514 1239 717 1318 cognoveritis,
729 1259 798 1299 cum
812 1239 971 1320 presertim
994 1240 1093 1302 scistis
1114 1261 1194 1322 sepe

97 1332 163 1411 Jern
176 1333 287 1392 multos
307 1333 431 1393 consiliu
447 1344 588 1391 mutasse.
628 1331 719 1400 Quod
739 1333 765 1391 si
788 1351 867 1393 nunc
880 1333 962 1393 vobis
980 1331 1043 1394 haec
1056 1353 1196 1413 perennes

101 1423 223 1497 fuerim,
235 1424 298 1485 lore
309 1433 381 1503 puto
397 1434 434 1483 ut
444 1423 546 1503 prucis
559 1423 654 1484 verbis
664 1433 696 1483 et
707 1423 771 1503 ipse
785 1423 881 1486 dicere
897 1424 1005 1504 aliquid
1013 1426 1080 1505 jure
1093 1425 1193 1487 videm

100 1526 133 1576 et
147 1535 198 1579 me
210 1516 292 1577 vobie
305 1516 414 1596 optime
424 1515 577 1577 consulere
587 1526 734 1597 sppureut.

626 1657 664 1716 V·
786 1627 793 1646 .

142 1760 330 1838 Quanquam,
345 1759 550 1834 Athenienses,
564 1760 656 1820 multe
668 1761 757 1820 verbu
769 1761 847 1822 lecte
860 1771 930 1822 sunt
950 1761 987 1822 nb
1008 1762 1143 1824 omnibus
1157 1761 1191 1824 iis

96 1853 153 1932 qui
168 1853 292 1914 consilin
304 1852 459 1926 dederunt,
472 1872 526 1913 vos
546 1863 644 1914 tumen
661 1872 741 1913 nuno
761 1851 852 1914 nihilo
871 1853 1003 1933 proprius
1017 1855 1055 1914 ab
1069 1854 1133 1935 ejus
1147 1853 1191 1918 iu·

98 1945 250 2018 ventione,
265 1946 345 2026 quod
365 1946 514 2025 egendum
537 1945 585 2018 sit,
606 1947 711 2005 obem
738 1945 833 2018 video,
859 1965 947 2026 quum
969 1946 1136 2026 priusquam
1161 1949 1191 2009 iu

99 2037 276 2098 concionem
296 2037 530 2100 adscendissetis.
571 2036 664 2117 Cujus
689 2038 730 2098 rei
752 2057 853 2112 cause,
874 2037 987 2118 opinor,
1010 2049 1057 2099 est
1078 2037 1192 2113 eudem,

100 2140 239 2210 qum‘est
258 2140 292 2189 nt
312 2150 425 2192 summu
449 2129 535 2210 Reip.
550 2129 670 2189 laboret.
713 2129 778 2194 Neo
795 2129 872 2188 enim
886 2129 924 2190 de
936 2130 1092 2210 propositis
1100 2131 1193 2208 ,rebus
1267 2191 1270 2203 ,

99 2241 153 2284 vos
166 2233 290 2283 monent
302 2232 452 2283 oratores:
474 2221 571 2282 sedne
587 2219 711 2282 invicem
726 2231 909 2282 accussaret
922 2220 1112 2300 proscindunt
1123 2241 1194 2302 quo,

100 2323 135 2374 ut
147 2333 207 2394 ego
221 2313 339 2394 quidem
346 2313 462 2391 J'udico,
477 2313 659 2375 consuelucti
678 2323 762 2372 extre
776 2311 932 2392 judicium,
943 2323 1067 2392 quantes
1090 2313 1193 2375 eludes

99 2407 256 2478 invexerit,
268 2407 380 2480 nudire,
392 2408 417 2466 si
429 2405 546 2486 quondo
567 2405 597 2464 in
610 2409 661 2480 jus
676 2413 819 2464 vocentur
836 2410 914 2483 (cum
932 2424 984 2466 vos
1003 2403 1075 2466 nihil
1088 2405 1189 2466 audire

101 2499 170 2560 novi
182 2499 304 2578 putetis,
316 2498 369 2558 sed
391 2517 428 2558 ee
446 2508 559 2556 tentum
573 2517 639 2576 quae
654 2517 731 2577 sepe
746 2516 799 2557 voe
819 2497 1049 2572 commoverint),
1062 2497 1100 2558 de
1121 2498 1193 2559 luci·

99 2592 222 2652 noribus
234 2609 335 2650 eorum
354 2588 525 2648 clementius
541 2588 738 2667 pronuncietis
760 2600 790 2648 et
806 2589 957 2668 judicetis.
997 2593 1044 2650 Ac
1063 2591 1121 2650 ists
1134 2609 1193 2670 qun

100 2682 136 2742 de
149 2701 246 2743 ceusu
257 2679 517 2751 fudnut,'stultitioe
528 2679 652 2738 fortusse
664 2678 752 2737 fuerit
767 2679 906 2758 indagare
920 2681 1060 2740 curiosius
1075 2682 1103 2740 in
1117 2702 1192 2761 prue-
1309 2737 1311 2743 .

102 2775 218 2836 sentin:
237 2772 291 2832 sed
313 2771 383 2849 quia
394 2770 478 2830 vobis
502 2788 562 2829 non
583 2768 751 2848 expediunt,
765 2769 831 2830 ideo
845 2789 881 2830 eu
894 2771 1084 2849 reprehendo.
1127 2773 1192 2850 Ego

103 2886 172 2929 vero
185 2885 245 2927 neo
257 2864 402 2925 accusabo
414 2881 588 2942 quemquern
600 2859 697 2931 hodie,
710 2879 806 2938 neque
828 2861 887 2922 tals
904 2863 1059 2940 quicquum
1072 2861 1193 2943 pollice·

102 2963 165 3035 bor,
179 2958 261 3041 quod
272 2977 331 3017 non
345 2976 362 3016 e
374 2955 498 3035 vestigio
510 2953 642 3034 probem,
655 2971 751 3032 neque
763 2953 888 3033 denique
901 2953 967 3014 illos
980 2953 1042 3015 ulla
1055 2975 1092 3016 ex
1109 2965 1191 3036 perte

103 3054 254 3114 imitebor:
274 3049 329 3110 sed
341 3067 408 3128 qun
429 3057 492 3108 tum
509 3046 703 3106 ,conficiendis
725 3046 812 3106 rebus
834 3046 993 3126 aptissime,
1007 3057 1068 3106 tum
1082 3047 1192 3108 delibe-

104 3147 235 3206 rentibus
248 3143 330 3210 vobit
352 3139 436 3200 utilit
448 3139 591 3212 existimo,
604 3137 648 3198 his
665 3157 755 3217 quam
774 3138 1124 3226 brevissimeherplicetls,
1139 3139 1191 3202 de-

104 3239 251 3300 scendam.
998 3249 1009 3272 .

622 3337 676 3395 vl.

144 3460 204 3530 Qui
216 3464 342 3539 majores
352 3467 464 3517 vestros
476 3455 610 3527 laudent,
623 3451 828 3524 Athenienses,
842 3451 1001 3513 orationem
1018 3451 1061 3512 illi
1074 3449 1192 3529 quidem

107 3551 255 3612 instituere
278 3551 348 3611 mihi
376 3548 508 3608 videntur
528 3545 688 3626 jucundum
710 3544 821 3617 auditu,
835 3564 894 3604 non
913 3554 973 3603 tum
996 3563 1095 3602 eorum
1118 3561 1191 3621 quor

107 3647 255 3707 celebrent
280 3643 386 3706 servire
412 3639 582 3702 commodis.
622 3637 763 3718 Aggressi
785 3636 861 3716 enirn
882 3655 939 3707 res,
952 3653 1025 3713 ques
1047 3633 1192 3714 explicere

108 3737 232 3800 dicendo
243 3758 295 3818 pro
308 3735 451 3815 dignitate
465 3751 553 3792 nemo
569 3741 666 3810 quest,
679 3731 735 3810 ipsi
754 3729 869 3809 quidem
888 3725 1062 3805 eloquentie
1074 3723 1192 3784 leudem
1235 3748 1244 3761 ·

108 3843 265 3911 reportent,
279 3831 334 3892 sed
354 3829 442 3888 iidem
455 3825 585 3885 efficiunt
602 3835 637 3882 ut
654 3824 691 3882 de
713 3823 829 3882 illorum
841 3821 948 3879 virtute
960 3825 1100 3895 concepte
1113 3815 1193 3896 apud

111 3925 253 3986 auditores
275 3922 375 4003 opinio
400 3921 556 3980 minuetur.
597 3915 662 3994 Ego
684 3933 753 3974 vero
779 3914 933 3972 maximam
958 3909 1072 3970 virtutis
1090 3927 1203 3968 eorum*

109 4015 223 4078 laudern
236 4029 352 4096 tempus
362 4031 425 4072 esse
435 4021 526 4091 puto:
547 4009 628 4090 quod
640 4027 707 4068 curn
719 4007 830 4064 interes
844 4023 902 4063 non
915 4005 1052 4082 exiguum
1075 4000 1115 4059 sit
1133 3999 1193 4060 ele·

112 4127 201 4186 psum,
213 4111 303 4170 rebus
316 4116 414 4166 temen
428 4103 542 4162 illorum
557 4099 647 4182 gestis
659 4099 771 4178 majore
790 4095 862 4156 nulli
881 4095 927 4156 ulii
948 4094 1093 4172 suscipere
1107 4101 1193 4172 potu·

61 4191 66 4201 '
113 4213 202 4261 munt.
234 4203 301 4280 Ego
323 4207 420 4258 nuum
444 4213 561 4276 operum
575 4194 663 4265 dubo,
680 4202 714 4250 ut
733 4190 876 4252 ustionem
892 4187 1106 4268 suplicemque
1125 4185 1194 4246 milri

113 4291 216 4370 uptidre
239 4311 328 4376 posse
350 4289 484 4350 instructi
505 4305 571 4348 esse
593 4283 758 4346 videamini.
808 4281 854 4342 lte
875 4281 952 4341 enirn
973 4297 1007 4338 ue
1027 4297 1073 4338 res
1097 4279 1195 4339 hebet.

112 4381 237 4448 Tametsi
250 4406 305 4447 nos
318 4395 447 4444 oretores
461 4399 562 4440 omnes
575 4377 748 4456 eloquentes
764 4373 924 4446 videamur,
935 4369 1027 4432 nihilo
1039 4383 1137 4430 tumen
1150 4389 1194 4432 res

113 4487 219 4538 vesum
233 4478 352 4539 meliore
364 4475 432 4537 luco
444 4473 506 4534 lore
515 4471 586 4533 sutis
598 4469 679 4618 scip:
701 4467 754 4528 sed
768 4466 792 4526 si
805 4467 870 4545 quis
883 4463 1027 4548 (quisquis
1037 4463 1086 4524 ille
1099 4465 1198 4537 luerit)

664 4575 683 4618 ι.
