2967 5017
262 318 339 379 *744
557 360 560 365 ·
583 322 804 385 ADVERSUS
825 324 1080 386 suavetona.

241 512 243 519 ,
276 494 392 538 veraces
413 495 478 537 esse
500 477 612 548 dicetis,
626 480 710 539 vobis
725 480 878 553 exhibebo,
891 490 921 541 et
938 480 1069 541 convicia
1085 478 1263 555 criminaque
1281 477 1363 537 resu-

272 570 359 629 tabo:
380 579 410 628 et
431 590 449 629 a
469 571 561 640 vobis,
575 544 746 631 his⁷auditis
764 583 873 651 petam,
886 572 911 632 si
933 574 1014 633 robis
1033 572 1104 661 civis
1128 582 1158 631 et
1179 570 1359 630 factionibus

271 680 427 741 oppressus
451 661 577 733 videbor,
593 674 626 722 ut
646 684 693 723 me
716 666 846 733 servetis,
862 665 905 724 sin
924 665 1031 735 miuus,
1045 678 1079 724 ut
1098 664 1128 723 id
1146 662 1252 741 agatis,
1276 663 1360 741 quod

270 756 352 812 vobis
374 754 452 833 pium
477 771 543 813 esse
564 756 706 815 videatur.
750 755 828 815 Hinc
843 769 941 815 autem
954 758 1137 835 suspicabor.
1178 754 1359 814 Perstrinxs·

263 854 338 902 runt
351 856 460 922 patrem
475 864 568 904 meum
584 846 815 925 peregrinitatis:
843 860 960 927 captum
983 861 1080 908 autem
1102 867 1168 907 eum
1185 848 1240 906 sub
1262 846 1359 905 Dece·

269 934 356 994 linum
380 937 489 995 bellum
510 938 547 996 ab
571 938 714 1009 hostibus,
728 951 758 999 et
772 939 937 1003 Leucadem
954 932 1112 1010 venditum,
1132 958 1198 998 cnm
1216 939 1246 995 in
1261 937 1359 998 Lean·

270 1026 353 1086 drum
367 1029 531 1089 histrionem
547 1029 704 1101 incidisset,
719 1033 756 1090 ad
778 1052 847 1091 suos
869 1032 954 1109 longe
974 1042 1042 1111 post
1064 1051 1131 1091 esse
1148 1050 1293 1091 reversum
1313 1032 1358 1090 in·

262 1120 416 1193 columem,
431 1124 639 1200 praeterierunt.
683 1125 742 1183 Sed
766 1125 849 1202 quasi
874 1124 957 1184 nobis
978 1136 1095 1203 propter
1119 1123 1173 1182 iiia
1197 1124 1356 1185 insortunls

262 1214 445 1292 .pereundum
462 1216 509 1284 sit,
524 1217 734 1295 peregrinitatis
754 1235 820 1275 eum
843 1225 1026 1275 accusarunt.
1067 1214 1131 1292 Ego
1144 1234 1213 1273 vero
1228 1234 1278 1292 per
1293 1214 1356 1275 hac

269 1302 331 1381 ipsa
349 1306 529 1383 potissimum
543 1307 707 1377 ostendam,
726 1326 792 1365 eurn
807 1306 1015 1365 Atheniensem
1034 1307 1133 1365 fuisse.
1174 1306 1219 1364 Ae
1235 1305 1357 1384 primum

267 1395 306 1456 de
316 1398 379 1475 ejus
387 1409 417 1456 et
427 1399 603 1477 captivitate,
611 1409 641 1458 et
649 1400 847 1477 redemptione
857 1411 947 1458 testes
958 1400 1039 1458 tobis
1053 1398 1231 1477 producam:
1245 1398 1352 1461 deinde

261 1506 335 1549 *eum
350 1508 505 1561 reversum,
519 1510 536 1549 a
550 1492 659 1570 patruis
674 1491 846 1550 facultatum
860 1503 969 1570 partem
983 1494 1150 1569 accepisse:
1172 1503 1285 1569 postea,
1301 1510 1355 1551 nee

266 1580 296 1639 in
320 1582 524 1660 municipibus,
540 1604 593 1641 neo
616 1583 646 1642 in
667 1582 833 1653 curialibus,
848 1604 904 1644 nec
924 1584 991 1644 alibi
1014 1602 1138 1662 usquam
1156 1584 1195 1641 ob
1215 1584 1354 1643 mamonis

267 1673 513 1749 peregrinitatem,
528 1685 560 1734 ut
581 1675 764 1754 peregrinum
789 1676 826 1735 ab
848 1674 909 1735 ullo
929 1695 996 1736 esse
1017 1684 1194 1747 accusatum,
1207 1692 1354 1754 sgecspe

267 1763 442 1825 testimonis.

658 2051 660 2057 y
678 1984 940 2044 reseratorum.

267 2120 314 2181 De
327 2124 495 2201 captivitate
507 2124 636 2203 quidem,
651 2134 682 2184 et
694 2125 830 2185 incolumi
844 2125 932 2203 putris
946 2126 1002 2185 mei
1022 2126 1116 2187 reditu
1132 2128 1163 2187 ia
1176 2129 1352 2198 urbem,‚su·

265 2212 360 2273 distis.
400 2214 475 2273 Eum
496 2228 593 2275 sutem
607 2226 730 2277 vestrum
752 2217 843 2277 fuisse
865 2217 1038 2277 civem-rei
1051 2220 1128 2277 enirn
1147 2220 1253 2279 veritus
1267 2220 1310 2282 itt
1322 2236 1351 2277 se

225 2342 228 2346 -
263 2305 403 2378 hahet-,
416 2316 506 2368 testes
520 2328 592 2368 voco
615 2328 652 2367 er
674 2311 805 2386 cognatis
826 2310 915 2387 patris
939 2308 994 2367 mei
1011 2310 1061 2386 qni
1079 2320 1148 2369 sunt
1170 2311 1351 2388 superstites.

265 2398 391 2457 Primum
412 2408 508 2457 autem
532 2398 728 2459 Thucritidam
749 2400 818 2459 mibi
842 2420 925 2471 vocs,
938 2412 969 2459 et
986 2400 1197 2461 Charisiadem.
1239 2401 1350 2461 Horum

262 2490 339 2549 eninr
363 2502 445 2568 pater
458 2491 616 2561 Charisius,
630 2493 718 2551 irater
743 2493 798 2552 fuit
818 2492 864 2566 ari
884 2493 940 2551 mei
954 2493 1142 2567 Thucritidae,
1155 2503 1186 2553 et
1203 2493 1350 2573 Lysaretss

259 2580 335 2651 ,arim
346 2600 431 2655 utem,
446 2592 476 2641 et
489 2596 608 2662 patruus
622 2584 712 2661 patris
726 2583 800 2642 mei:
822 2603 950 2643 sororem
960 2584 1037 2644 enim
1049 2585 1174 2645 duxerat
1186 2602 1258 2643 avus
1269 2604 1349 2660 meus

261 2691 320 2732 uon
335 2676 485 2735 uterinam.
529 2676 643 2737 Deinde
669 2677 832 2740 Niciadcru.
876 2678 953 2737 Nam
972 2680 1036 2756 ejus
1057 2698 1173 2758 quoqne
1192 2689 1275 2757 pater
1288 2677 1350 2757 ‚Ly-

263 2764 359 2834 saniae
382 2766 469 2828 frater
491 2769 547 2830 fuit
569 2768 749 2829 Thucritidne
763 2780 795 2829 et
815 2769 972 2849 Lysaretae,
986 2781 1017 2829 et
1034 2773 1125 2850 patris
1143 2770 1200 2829 mei
1222 2782 1350 2849 patruus.

262 2858 336 2920 Post
359 2861 567 2923 Nicostratum.
610 2863 686 2923 Nam
707 2863 771 2943 ejus
795 2881 912 2941 quoque
934 2873 1017 2939 pater
1037 2862 1185 2935 Niciades,
1202 2878 1296 2940 nepos
1313 2880 1349 2919 er

260 2952 349 3015 fratre
363 2954 417 3015 tuit
429 2956 475 3016 uvi
488 2956 545 3015 mei
563 2968 591 3015 et
605 2956 687 3025 aviae,
702 2965 733 3014 et
753 2955 827 3032 putri
847 2973 913 3013 meo
933 2954 1137 3016 consobrinus.
1177 2955 1259 3013 Voca
1279 2952 1348 3013 mihi

260 3042 315 3105 hos
328 3064 439 3107 omnes.
479 3046 524 3105 Tu
538 3065 606 3105 veru
620 3048 691 3105 siste
705 3062 821 3123 aquam.

724 3282 884 3343 TESTES.

260 3426 318 3493 Qui
331 3424 419 3505 igitur
431 3446 449 3485 s
463 3426 529 3486 viris
543 3428 616 3506 putri
631 3446 696 3486 meu
709 3428 827 3505 cognui
841 3427 968 3496 fuerunt,
981 3444 1036 3485 eos·
1045 3427 1207 3500 audivistis,
1221 3437 1252 3489 ct
1263 3431 1345 3490 testi-

256 3518 377 3579 ficantes
391 3528 421 3579 et
433 3518 608 3601 dejci-antes,
620 3529 730 3597 patrem
749 3538 844 3579 meum
864 3519 1057 3578 necessarium
1078 3520 1121 3579 eis
1140 3533 1170 3580 et
1189 3532 1347 3599 oogrrstum

256 3612 355 3685 inisse,
379 3630 502 3691 quorum
522 3612 620 3689 utique
639 3630 724 3670 nemo
749 3613 778 3670 in
801 3625 961 3691 conspectu
980 3630 1090 3685 eorum,
1112 3613 1161 3690 qui
1182 3613 1247 3674 salsi
1265 3615 1347 3675 testi-

256 3705 344 3766 monii
361 3704 387 3766 ei
400 3706 510 3765 conscii
524 3713 633 3777 essent,
647 3704 767 3764 exitium
782 3703 836 3763 sibi
856 3704 1030 3784 imprecatus
1044 3704 1195 3784 pejerabit.
1221 3705 1305 3787 Cape
1316 3715 1346 3765 et

254 3797 370 3858 illorum
383 3800 434 3877 qui
448 3798 522 3879 patri
534 3818 552 3857 a
565 3796 731 3856 mulieribus
744 3798 864 3875 cognati
877 3809 957 3869 sunt,
969 3796 1144 3857 testimonis.

603 4092 605 4095 .
627 4092 628 4097 ,
658 4036 935 4097 TESTIMONIA.

252 4178 311 4249 Qui
333 4182 420 4261 igitur
438 4202 455 4242 e
476 4182 609 4261 cognatis
630 4176 686 4237 mei
707 4177 809 4257 patris,
823 4188 882 4236 tarn
898 4195 917 4235 a
931 4176 997 4235 viris
1016 4196 1104 4254 quam
1124 4196 1142 4237 n
1164 4177 1343 4251 mulieribus,

246 4274 415 4353 superstites
436 4285 515 4347 sunt,
537 4292 588 4336 eos
605 4270 798 4333 testificantes
822 4268 983 4340 audivistis,
1003 4287 1070 4328 enm
1091 4268 1227 4347 utrinque
1246 4268 1344 4332 fuisse

245 4365 463 4437 Atheniensem,
482 4377 512 4426 et
540 4367 602 4426 sinc
625 4362 822 4426 controversia
843 4366 893 4438 jus
919 4362 1057 4422 habuisse
1081 4362 1216 4423 civitst'u.
1258 4362 1343 4424 Voss

177 4454 179 4461 ’
245 4458 314 4520 mihi
328 4456 360 4519 et'
370 4458 498 4518 curiales
513 4468 544 4517 et
557 4458 664 4518 deinde
678 4454 812 4535 gentiles.
