2967 5017
390 351 604 415 ADVERSUS
627 349 986 414 susorufflsmsrs:
1172 353 1236 413 di&

1452 182 1454 277 ι

642 615 730 678 LEX.

176 757 207 814 6.
223 755 275 815 Me
288 756 378 836 igitur
392 749 557 820 secuudum
570 759 653 840 leges
664 758 922 840 exceptionemde
934 779 996 822 non
1007 758 1108 820 dsnds
1118 757 1242 819 sctiouc

137 845 304 907 edversario
327 851 513 930 opposuisse,
538 853 610 912 sutis
635 852 740 932 opinor
761 862 808 911 est
829 863 1001 914 osumsm:
1023 860 1115 911 ortem
1136 858 1238 912 sutem

139 937 265 999 audietis
279 941 419 1021 sepientis
439 943 519 1004 illius
539 943 721 1006 instructoris
741 944 847 1004 horum
864 945 995 1003 omnium
1007 939 1240 1019 Aristophanes.

139 1027 273 1090 Utenim
290 1033 325 1091 in
342 1052 435 1094 ceuse
455 1035 528 1096 nihil
543 1037 599 1096 sibi
619 1054 741 1117 prorsus
759 1055 826 1096 esse
845 1033 974 1114 presidii
998 1033 1140 1111 reliquum
1155 1029 1238 1090 ride·

140 1121 223 1195 baut,
236 1123 428 1198 internunciis
441 1127 481 1186 ud
503 1127 627 1188 Protum
638 1127 744 1200 missis,
763 1127 875 1186 homini
893 1125 1072 1206 persuadent
1082 1133 1118 1184 ut
1127 1139 1240 1202 preess-

138 1212 245 1270 ricetur
258 1214 371 1292 sibique
383 1232 506 1274 esuum
529 1219 641 1275 nudet:
659 1217 740 1294 quod
753 1217 875 1294 quidem
888 1217 989 1276 stetim
1002 1216 1091 1277 etism
1104 1215 1143 1274 eb
1156 1213 1239 1274 initio

139 1312 275 1381 egerunt,
288 1314 324 1363 ut
336 1323 392 1364 uos
405 1323 486 1364 nunc
498 1305 701 1382 cognovimus,
715 1306 771 1366 sed
791 1306 969 1385 persuadere
986 1325 1047 1365 nou
1069 1313 1239 1386 potueruut.

121 1391 247 1454 vProtus
271 1395 359 1465 enim,
373 1395 446 1454 dum
470 1395 648 1456 frumentum
669 1394 727 1456 huc
752 1397 909 1458 advectum
931 1396 1054 1476 putebat
1075 1395 1159 1456 lucro
1183 1395 1241 1456 sibi

139 1485 211 1558 fore,
233 1485 265 1545 id
287 1487 442 1558 renuebat,
454 1496 485 1547 et
506 1486 690 1567 proeoptebst
710 1487 809 1568 potius
827 1499 891 1548 tuus
912 1487 978 1567 ipse
1003 1488 1111 1548 lucrari
1133 1497 1194 1546 tum
1207 1485 1240 1548 id

140 1583 279 1654 prestere
293 1578 379 1638 nobis
402 1576 484 1658 quod
506 1597 628 1658 equum
646 1587 738 1660 esset,
751 1598 839 1658 quem
859 1578 1078 1658 conspiratione
1094 1597 1163 1638 cusu
1175 1577 1240 1638 istis

140 1657 214 1728 initi
227 1677 279 1728 eut
292 1687 344 1728 eos
355 1669 386 1726 in
399 1669 474 1728 lucri
493 1670 657 1748 portionem
675 1669 841 1742 admittere,
864 1678 918 1729 eut
938 1669 1036 1729 iecere
1056 1668 1144 1728 nobis
1165 1667 1242 1744 inju-

140 1756 234 1818 riam:
255 1768 291 1816 ut
309 1777 391 1828 vero,
412 1777 479 1817 cum
496 1759 558 1816 huc
575 1759 758 1840 pervenisset
769 1769 801 1818 et
820 1759 879 1819 hoc
898 1758 1021 1835 negotio
1037 1765 1241 1835 oocupuremr,
1362 1811 1370 1824 ,

138 1849 246 1908 laxate
258 1865 377 1908 annone
389 1857 446 1922 est,
460 1849 558 1908 stetim
572 1848 697 1906 mutavit
714 1849 880 1908 consilinm.
921 1849 1020 1928 Atque
1034 1847 1243 1909 etium-dicc-

140 1949 187 1999 tur
200 1937 280 1998 euim
294 1938 376 2017 epud
389 1957 453 2011 vos,
466 1929 676 2010 Athenienies,
684 1939 890 1999 veritus-nos
901 1940 1063 2000 creditores
1075 1959 1144 1999 eum
1154 1958 1243 2019 urge·
1321 1975 1325 1984 «

141 2031 246 2090 bemus
260 2029 374 2090 infestis
386 2039 477 2110 etque
490 2029 725 2109 iniquis‘enimis,
738 2049 808 2109 quse
822 2041 855 2090 et
863 2034 981 2107 jactura
993 2031 1130 2092 frumenti
1141 2031 1173 2090 in
1186 2051 1242 2092 nos

142 2122 329 2193 redundaret,
349 2131 380 2182 et
392 2141 459 2181 eum
473 2121 559 2182 nobis
572 2121 662 2192 istusn
676 2121 916 2182 calumnietorem
929 2123 1064 2201 pecunius
1077 2122 1146 2183 ioco
1161 2132 1245 2184 stus·
1268 2144 1282 2156 ·

143 2213 211 2274 iisse
224 2213 431 2292 querebamur.
460 2212 516 2272 His
528 2213 566 2272 de
579 2213 688 2286 causis,
701 2231 770 2272 cum
784 2212 873 2273 edum
884 2223 993 2274 ustura
1005 2214 1141 2274 nimirum
1153 2215 1247 2275 homo
1328 2220 1333 2231 ’

128 2315 222 2366 esset
234 2323 293 2365 non
307 2305 415 2378 bonus,
430 2305 469 2364 ud
488 2305 561 2366 istos
583 2325 615 2366 se
635 2304 761 2378 confert,
782 2324 879 2384 neque
892 2315 979 2366 curet
990 2325 1051 2385 quo
1071 2307 1169 2367 minus
1189 2307 1242 2367 de·
1268 2359 1272 2366 .

144 2407 221 2458 serto
240 2396 407 2456 vadimonio
432 2395 654 2470 condemnetur,
666 2407 729 2456 tum
754 2397 792 2457 ub
815 2396 872 2456 isto
893 2407 1017 2458 vocatus
1039 2397 1071 2457 in
1087 2397 1243 2477 judicium,

145 2507 211 2548 oum
223 2489 357 2550 nondum
370 2488 597 2568 conspirassent.
639 2489 716 2548 Nem
731 2488 757 2548 si
771 2483 893 2550 Protum
906 2488 960 2551 iste
974 2489 1131 2563 omisisset,
1141 2490 1243 2551 stetim

146 2580 378 2642 snimedrersum
401 2591 482 2642 esset
502 2599 571 2640 eum
596 2579 681 2642 uobis
709 2580 808 2641 iecere
831 2579 1030 2641 calumniam:
1054 2581 1187 2642 dsmnuri
1209 2600 1243 2641 se
1282 2565 1290 2581 ⁸

147 2681 243 2732 sutem
265 2691 364 2732 corum
387 2669 437 2730 ilie
459 2691 518 2734 non
535 2690 641 2751 pessus
663 2681 753 2743 esset,
765 2681 800 2730 ut
813 2681 866 2730 sut
878 2672 974 2751 pectis
986 2681 1018 2731 et
1030 2672 1182 2754 conventis
1200 2671 1243 2732 iiii

147 2774 266 2837 starent,
279 2773 332 2823 eut
352 2762 459 2824 deserti
482 2761 640 2822 vadimonii
661 2763 809 2821 sotionem
827 2763 859 2820 in
880 2781 932 2822 eos
950 2772 1140 2840 retorqueret
1181 2763 1243 2823 Sed

147 2873 284 2934 quorsum
298 2852 385 2914 hoeci
414 2851 493 2912 Nem
506 2871 543 2912 ee
553 2851 579 2911 si
592 2851 663 2911 iecit
673 2869 740 2928 quse
753 2850 810 2908 iste
822 2851 1050 2912 insccusstione
1059 2853 1169 2926 scribit,
1181 2873 1243 2913 non

146 2947 332 3009 damnandus
355 2945 455 3018 modo,
471 2943 525 3005 sed
544 2939 766 3003 interficiendus
784 2941 872 3000 etiem
892 2943 959 3017 jure
977 2942 1033 3000 fuit
1050 2941 1158 3000 Protns
1176 2962 1245 3002 mee

146 3040 263 3118 quidem
276 3039 422 3118 opinione.
464 3035 542 3096 Num
556 3035 581 3096 si
594 3035 625 3092 in
638 3032 721 3094 melis
734 3041 767 3092 et
778 3041 953 3111 tempestate
970 3039 1087 3092 tentum
1098 3030 1158 3089 sini
1170 3032 1244 3092 heu-

147 3141 234 3202 serut,
247 3140 282 3189 ut
293 3129 400 3189 insesso
413 3127 516 3188 similis
528 3125 685 3197 rideretur,
697 3124 779 3202 quod
791 3123 972 3204 supplicium
983 3141 1043 3183 non
1056 3123 1223 3184 merebatur
1229 3123 1252 3197 t,

148 3233 198 3282 eut
217 3221 243 3284 si
257 3221 375 3282 tubulus
387 3219 575 3300 surripuerat,
585 3216 697 3278 clemre
711 3214 886 3296 sperneret?
1034 3207 1045 3222 ’

187 3317 217 3372 7.
240 3312 302 3374 Sed
314 3331 366 3373 ros
379 3311 446 3372 hoec
459 3311 595 3372 intervos
607 3326 666 3388 quo
679 3315 769 3386 pecto
779 3327 812 3368 se
824 3307 953 3368 hebesnt
964 3307 1150 3386 trsnsigetis:
1169 3325 1244 3369 mese

150 3415 246 3466 sutem
266 3423 366 3466 osuser
384 3403 456 3462 nihii
476 3403 544 3463 inde
561 3397 703 3462 admisce.
744 3399 814 3460 Sive
826 3407 857 3458 te
869 3398 965 3458 serbis
985 3398 1048 3458 sive
1067 3399 1154 3463 iactis
1167 3400 1245 3461 isesit

150 3496 265 3569 Prosus,
280 3497 368 3557 detur
390 3494 443 3553 tibi
466 3494 543 3554 ectio
566 3493 720 3552 nimirum:
742 3509 830 3551 nemo
854 3499 990 3550 nostrum
1008 3489 1167 3568 prohibuit,
1191 3503 1245 3553 eut

150 3607 226 3648 nunc
239 3587 328 3648 etiem
341 3595 479 3658 recuset,
499 3583 531 3642 Si
544 3577 710 3644 seruilium
722 3581 917 3643 calumnietur
929 3601 973 3654 es,
987 3599 1089 3661 perum
1110 3581 1142 3641 id
1160 3602 1244 3642 cure-

150 3699 222 3754 mus,
236 3691 267 3740 st
287 3678 403 3761 medius
424 3677 510 3737 fidius
524 3675 654 3736 emedio
671 3673 799 3734 excessit
819 3673 925 3733 homo:
949 3682 1068 3753 propter
1086 3691 1138 3733 vos
1160 3672 1244 3731 nimi·

150 3792 220 3846 rum,
233 3782 268 3833 ut
287 3781 318 3831 et
343 3769 566 3832 testificationes
589 3777 704 3827 nostres
717 3763 873 3834 desereret,
886 3775 918 3824 et
938 3783 1019 3824 nunc
1031 3782 1083 3824 vos
1104 3760 1246 3841 quicquid

150 3865 203 3924 erit
216 3864 342 3935 libitum,
357 3862 386 3921 in
398 3879 466 3922 eum
479 3859 597 3920 dicetis.
628 3857 693 3916 Nisi
706 3855 785 3916 enim
797 3865 917 3936 propter
929 3873 983 3916 sos
995 3857 1034 3916 sb
1047 3875 1083 3914 eo
1096 3854 1246 3914 desertum

150 3965 227 4018 esset
246 3954 458 4025 vadimonium,
478 3951 563 4012 simul
586 3969 654 4010 eum
672 3949 846 4008 etcitssses
867 3958 899 4007 et
919 3947 999 4029 spud
1021 3944 1245 4005 Polemsrchum

150 4049 306 4127 sponsione
328 4045 502 4124 obligasses.
550 4041 639 4111 Quod
663 4041 689 4100 si
710 4040 802 4100 sedes
823 4039 875 4100 tibi
896 4039 1038 4109 dedisset,
1059 4044 1110 4096 sut
1127 4055 1246 4097 munere

105 4169 110 4180 v
150 4141 311 4216 cogeretur,
325 4147 378 4196 aut
390 4147 424 4195 tu
439 4133 575 4214 equibus
595 4133 647 4193 tibi
661 4133 816 4193 satisfieret
828 4131 971 4192 haberes:
992 4127 1018 4188 si
1030 4143 1090 4189 non
1104 4127 1246 4199 dedisset,

150 4229 177 4287 in
198 4227 379 4290 domicilium
406 4226 502 4306 plebis
523 4226 586 4286 iret.
629 4225 717 4284 Nunc
735 4224 950 4284 communicsto
971 4219 1100 4299 negotio,
1120 4230 1151 4281 et
1171 4221 1246 4298 ipse,

151 4320 288 4400 quioquid
309 4331 338 4380 tc
360 4320 548 4397 obstrepente
569 4315 653 4377 nobis
672 4316 811 4386 decessit,
832 4333 866 4372 se
887 4311 1069 4373 redditurum
1082 4329 1148 4371 esse
1162 4309 1246 4371 uobis

151 4432 207 4472 non
225 4422 328 4492 putet:
349 4424 381 4471 et
402 4422 437 4471 tu
455 4409 539 4472 ilium
562 4409 730 4472 eccussndo
744 4407 851 4468 nostris
864 4416 894 4466 te
909 4406 1056 4468 mercibus
1077 4404 1244 4484 postorum,
