2967 5017
281 612 583 675 ARGUMENTUM
609 614 834 675 ORATlONlS
858 612 1079 674 ADVERSUS
1105 612 1355 675 lemosina,

472 707 566 767 TUM
589 706 645 765 DE
666 706 890 766 ARETHUSII
912 704 1143 765 MANClPlIS.

293 839 483 886 Aeonsooonus
495 839 642 887 berthoniam
652 840 717 887 sulse
727 838 904 887 renunciationis
920 853 986 885 rann
1003 836 1060 883 lesit
1074 843 1099 883 at
1109 835 1208 897 peregit.
1240 833 1289 894 Qui
1299 849 1353 882 en·

259 912 367 961 talentum
380 914 461 961 nrurio
474 914 570 961 deberet
582 915 652 976 idque
664 916 757 964 soluere
766 931 811 962 non
822 921 912 977 posset,
921 920 1089 975 proptereaque
1101 913 1161 959 bone
1170 912 1222 975 ejus
1233 911 1351 973 publicata

258 998 346 1043 essent,
355 990 469 1037 describit
480 990 633 1063 Apollodorus
643 1008 731 1047 servos,
741 1001 767 1040 nt
777 993 817 1057 qui
829 991 947 1039 Arethusii
958 998 1044 1046 essent,
1053 992 1094 1036 hos
1102 989 1249 1036 Nicostratus
1262 996 1287 1035 nt
1295 1004 1351 1034 suos

259 1070 284 1113 ct
293 1067 322 1113 ad
335 1067 398 1114 illum
411 1066 465 1113 nihil
476 1068 600 1115 sistuanus·
611 1069 656 1115 sihi
669 1070 785 1117 vendicat.
819 1070 881 1127 Quia
892 1084 948 1115 vero
959 1082 1029 1115 osum
1040 1066 1120 1115 odiosa
1132 1074 1176 1122 est,
1187 1064 1352 1113 commendant

258 1150 344 1198 erutor,
355 1148 438 1205 qusnts
455 1158 579 1207 perpessus
594 1144 624 1191 ab
635 1146 760 1194 Arethuaio
775 1147 807 1194 rit
818 1146 983 1207 Apollodorus,
993 1152 1019 1191 nt
1037 1159 1082 1191 non
1100 1142 1242 1204 melignitrts
1253 1151 1351 1199 ιιιιιιιι,

258 1220 300 1267 ssd
310 1228 409 1282 propter
418 1222 529 1269 ultionem
540 1222 676 1283 injuriarum
687 1223 736 1271 bero
746 1222 942 1286 rrsrseidestnr.
1044 1285 1051 1301 Ι

403 1769 420 1805 .
522 1606 1093 1785 numos'runrms
1161 1644 1167 1655 '

388 1872 726 1946 ADVERSUS
771 1874 1268 1992 mensurarum

258 2056 322 2124 DE
338 2056 695 2122 DESCRIPTIONE
711 2056 1065 2125 MANCIPIORUM
1076 2060 1347 2127 ARls'l'HUSIl
1375 2118 1380 2125 .

701 2166 897 2233 ORATIO.

300 2335 327 2389 1.
343 2329 397 2389 Me
411 2328 489 2386 nullo
499 2328 695 2389 calumniandi
706 2327 812 2398 studio,
824 2329 877 2387 sed
887 2346 938 2407 per
947 2329 1020 2387 istos
1033 2327 1144 2407 injuriis
1154 2338 1185 2387 et
1194 2342 1348 2391 consume·

256 2422 302 2482 liis
326 2420 462 2479 affectum
485 2430 515 2479 et
535 2420 717 2479 ulciscendos
732 2438 783 2479 eos
802 2439 867 2480 esse
886 2407 1109 2492 existimantem,
1123 2419 1349 2500 descriptionem

257 2514 335 2573 hano
347 2512 518 2585 instituisse,
531 2512 604 2571 illud
627 2512 754 2572 maximo
767 2512 849 2573 robis
869 2523 1042 2592 argumento
1055 2514 1103 2586 sit,
1117 2512 1254 2592 ludices,
1267 2517 1349 2593 quod

257 2618 289 2667 et
308 2626 398 2686 parra
418 2616 473 2678 est,
492 2616 523 2666 et
543 2624 595 2686 per
615 2606 758 2686 meipsum
778 2605 859 2665 facta
879 2604 1046 2685 descriptio.
1087 2606 1191 2684 Neque
1215 2604 1305 2677 enim,
1322 2608 1350 2667 si

256 2697 424 2759 calumniari
437 2698 604 2773 voluissem,
617 2698 763 2780 mancipia
779 2708 905 2778 quatuor
922 2700 1063 2758 minatum
1077 2717 1145 2758 cum
1157 2697 1277 2758 dimidie
1294 2700 1350 2760 de·

256 2776 448 2873 scripsissem,
463 2792 565 2873 quanti
587 2812 623 2852 ee
643 2792 798 2852 estimavit
817 2792 880 2871 ipse
900 2791 1101 2852 adversarius:
1122 2810 1211 2870 quum
1232 2791 1295 2870 ipse
1316 2805 1351 2853 et

256 2886 296 2946 de
311 2886 388 2946 mille
405 2886 560 2959 drachmis,
575 2896 605 2945 et
619 2886 655 2946 de
669 2904 704 2945 eo
718 2886 835 2962 nequis
854 2904 983 2963 unquam
997 2883 1067 2943 mihi
1085 2884 1258 2955 subscribat,
1269 2886 1349 2964 peri·

255 2979 346 3039 cliter.
388 2980 491 3058 Neque
504 2980 592 3039 etism
605 2998 698 3055 usque
713 2978 788 3035 adeo
802 2976 847 3034 vel
864 2978 958 3055 inops,
973 2977 1020 3036 vel
1033 2978 1191 3037 amicorum
1204 2977 1349 3056 presidiis

255 3070 410 3130 destitutus
422 3091 496 3143 sum,
510 3080 543 3129 ut
555 3070 605 3148 qui
618 3088 654 3127 es
667 3067 845 3127 describeret
856 3069 998 3129 neminem
1023 3069 1149 3128 invenire
1172 3069 1347 3150 potuissem,

255 3161 307 3218 sed
322 3162 390 3238 quia
402 3160 473 3219 nihil
491 3159 521 3216 in
534 3160 619 3218 rehus
633 3157 767 3218 humenis
784 3158 919 3218 omnibus
940 3160 1147 3221 intolerabilius
1164 3179 1231 3220 esse
1244 3162 1349 3222 existi·
1474 3188 1475 3239 3

256 3251 382 3321 mabam,
395 3270 493 3329 quum,
512 3266 579 3309 cunt
600 3250 669 3309 mihi
691 3250 775 3311 fleret
792 3251 902 3332 injurie,
921 3252 1009 3311 alium
1025 3253 1134 3328 injuriis
1151 3252 1258 3313 affecto
1275 3254 1349 3314 mihi
1474 3282 1475 3327 3

255 3362 362 3403 nornen
384 3362 468 3403 snum
488 3342 683 3415 commodare,
698 3355 729 3403 et
746 3343 818 3404 istos
836 3362 875 3403 ex
889 3364 925 3405 eo
943 3363 1042 3405 causes
1062 3345 1171 3425 aliquid
1183 3346 1301 3419 hahere,
1320 3347 1349 3406 si
1474 3344 1475 3412 l

254 3454 311 3516 ego
330 3446 443 3496 nostras
464 3435 626 3496 inimicitius
648 3436 729 3497 vohis
752 3455 907 3513 narrarem,
921 3438 1063 3498 mendacii
1083 3458 1131 3498 me
1154 3438 1348 3517 arguendi,—

256 3548 350 3609 neque
371 3528 447 3589 enim
468 3546 598 3608 unquam
619 3528 706 3589 alium
728 3530 817 3590 luisse
841 3550 877 3591 ee
895 3530 1120 3611 descripturum,
1143 3532 1168 3591 si
1180 3530 1260 3591 iacta
1275 3531 1348 3593 mihi
1474 3596 1475 3618 ,

254 3623 496 3703 essetinjurie—-,
510 3632 626 3703 propter
646 3622 710 3682 hec
730 3622 892 3703 descripsi:
913 3642 980 3683 cum
1000 3642 1068 3683 vero
1090 3621 1347 3702 descripserim,si
1474 3620 1475 3665 l

254 3715 411 3776 ostendero
433 3716 579 3795 mancipia
592 3734 657 3775 esse
672 3715 830 3787 Arethusii,
843 3717 891 3776 cni
908 3716 1050 3796 inscripta
1068 3726 1146 3787 sunt,
1161 3714 1346 3787 dodrantem,

253 3810 303 3888 qui
316 3810 426 3870 homini
444 3809 556 3889 privato
579 3828 674 3887 equo
693 3807 839 3889 descripta
850 3830 887 3869 ea
906 3822 975 3870 sunt
991 3809 1135 3881 tribuitur,
1148 3810 1259 3890 reipub.
1273 3828 1345 3871 con·
1474 3820 1475 3825 ’

254 3902 343 3975 dono,
356 3904 422 3983 ipsa
435 3901 545 3962 ultione
559 3912 725 3963 contentus.
766 3903 855 3971 Quod
876 3904 901 3963 si
919 3904 987 3964 mihi
1009 3904 1080 3965 sutis
1103 3922 1188 3983 aquen
1210 3914 1289 3964 esset
1306 3902 1346 3963 ad
1393 3979 1405 3986 ἱ
1474 3913 1475 3924 ’

253 3994 431 4056 narrandum
443 3995 526 4055 vobis
541 3996 578 4055 ab
593 3994 685 4068 initio,
699 3995 806 4074 quihus
826 4016 845 4055 a
857 4015 903 4055 me
919 3996 1015 4056 allecti
1027 3996 1184 4068 beneficiis,
1196 3994 1346 4074 quomodo

254 4106 366 4147 mecum
382 4090 504 4167 egerint,
529 4088 600 4147 satis
624 4088 692 4160 scio,
708 4106 758 4148 vos
779 4088 937 4148 iracundie
959 4068 1032 4149 rdem
1052 4090 1146 4170 magis
1164 4088 1278 4148 veniam
1292 4086 1346 4146 ds·

252 4188 343 4252 turos,
357 4191 387 4241 et
409 4181 481 4241 istos
503 4182 630 4243 omnium
649 4181 798 4240 hominum
815 4181 1045 4260 improbissimos
1065 4203 1130 4243 esse
1141 4180 1345 4261 judiostmos:

252 4288 332 4330 nuuc
346 4290 400 4331 uec
414 4272 536 4353 duplum
550 4292 633 4354 aquas
647 4273 715 4333 mihi
734 4271 887 4332 sufficeret.
928 4274 1059 4335 Maxima
1078 4276 1165 4356 igitur
1177 4283 1209 4333 et
1221 4271 1347 4333 illustria

251 4362 391 4436 facinore,
405 4376 435 4423 et
449 4385 567 4426 causam
580 4366 667 4446 hujus
681 4365 883 4445 descriptionis
901 4370 983 4428 vobis
1004 4368 1163 4446 explicabo,
1177 4364 1346 4444 vulgsnbns
1474 4366 1475 4441 l

251 4474 377 4515 omissus.
