2967 5017
502 351 544 416 IN
568 353 826 418 STEPHANUM
848 360 871 418 1.
1172 359 1228 455 641

137 511 190 572 sed
205 521 283 573 etex
293 512 370 573 iilius
380 513 467 575 iactis
479 515 607 594 quicum
617 514 796 587 subornarit,
809 533 875 594 que
892 513 944 574 ilie
956 512 1057 574 fecerit
1068 511 1137 573 rolo
1149 513 1232 574 robis

136 603 304 686 explicare:
326 605 406 684 quod
429 625 497 668 sero
518 605 600 668 initio
614 607 676 669 dixi
692 605 841 678 orationis,
852 605 1017 678 ostendam,
1031 623 1081 664 eos
1095 623 1114 664 a
1126 615 1233 665 semet·

136 696 209 778 ipsis
223 698 366 758 accusari.
980 711 983 717 '
1143 709 1147 715 ’

179 791 226 848 11.
241 789 361 850 Actioni
375 809 458 864 mee,
472 793 503 851 in
516 813 575 871 qus
595 793 651 853 iata
663 793 830 854 testimonia
842 792 922 851 dicta
937 802 1014 859 sunt,
1029 789 1232 869 exceptionem

133 881 275 961 opposuit
287 879 434 955 Phormio,
450 883 488 942 de
513 903 572 944 non
596 885 695 946 danda
718 884 796 943 mihi
812 884 940 952 actione,
955 882 1036 962 quod
1055 901 1112 960 ago
1132 899 1232 941 secum

133 974 366 1034 controversiam
381 976 599 1054 transegissem.
643 976 678 1036 Id
692 987 789 1036 autem
802 996 858 1056 ego
870 975 1055 1036 mendacium
1072 992 1139 1033 esse
1156 971 1230 1045 scio,

133 1073 167 1123 es
181 1077 349 1146 coarguam,
363 1085 431 1127 cnm
444 1069 475 1126 in
489 1077 646 1130 contestes
667 1089 755 1149 egero
774 1069 825 1149 qni
848 1069 899 1129 ilia
919 1068 1071 1128 dixerunt:
1092 1067 1232 1126 interero

132 1154 193 1216 boc
207 1155 302 1218 dicere
315 1177 374 1218 nou
388 1169 493 1240 potest.
527 1162 615 1230 Quod
632 1163 657 1222 si
670 1181 769 1222 veram
781 1181 848 1222 esse
862 1160 979 1222 creditis
992 1159 1231 1232 transactionem,

133 1251 178 1310 sic
190 1247 246 1311 iste
254 1251 318 1312 falsi
328 1254 486 1314 testimonii
497 1255 542 1314 rel
553 1255 679 1316 maxime
689 1256 889 1329 convincetur,
900 1266 930 1315 at
938 1252 1130 1315 commentitii
1139 1260 1232 1312 testa-

132 1343 225 1404 menti
247 1343 339 1405 r‘nisse
356 1345 450 1406 testis.
504 1347 577 1414 Quis
597 1349 675 1408 eninr
695 1349 737 1408 ita
757 1357 804 1408 est
823 1338 925 1408 amens
939 1353 974 1407 nt
987 1362 1086 1406 coram
1106 1344 1232 1406 testibus

131 1435 277 1515 tcansigat
288 1455 349 1517 qno
358 1447 423 1499 rata
437 1437 492 1504 sibi
505 1439 544 1500 sit
556 1441 729 1502 transactio:
751 1441 903 1520 pactiones
917 1449 1015 1500 autem
1026 1449 1058 1500 et
1070 1447 1232 1498 testamen·

129 1535 164 1586 ta
177 1537 208 1587 at
225 1528 398 1608 reliquatio
411 1531 516 1610 quibus
530 1535 683 1613 transegit,
697 1533 853 1614 obsignata
866 1542 971 1593 contra
984 1551 1017 1592 se
1026 1532 1127 1612 jacere
1136 1528 1234 1589 sinat?

130 1617 261 1680 Proinde
277 1623 424 1682 contraria
445 1633 491 1684 est
505 1623 639 1686 omnibus
663 1625 749 1686 dictis
770 1626 890 1686 testium
908 1625 1059 1704 exceptio:
1086 1618 1232 1682 contraria

126 1709 214 1784 item,
226 1729 315 1790 quam
327 1713 410 1773 vobis
432 1714 521 1774 modo
539 1717 658 1776 recitari
677 1717 866 1786 locationem,
879 1724 1058 1776 testamento
1073 1712 1134 1771 illi:
1159 1710 1232 1770 nihil

125 1802 260 1882 denique
268 1813 366 1864 actum
380 1815 425 1865 est
434 1806 513 1884 qnod
522 1807 568 1868 rel
575 1808 725 1888 probabile
734 1809 782 1869 vel
794 1808 916 1888 simplex
926 1807 974 1868 rei
986 1809 1082 1887 ipsum
1091 1803 1147 1864 sibi
1159 1821 1232 1864 con·

125 1905 304 1958 sentaneum
317 1896 368 1966 aits
383 1897 437 1958 sed
446 1897 503 1959 hoc
516 1909 603 1980 pacto
615 1901 814 1962 commentitia
825 1909 857 1960 et
867 1900 995 1960 conficta
1006 1917 1044 1958 aa
1056 1915 1121 1957 esse
1135 1896 1233 1955 omnia

126 1987 323 2068 reperiuntur.

174 2082 222 2140 12.
238 2079 348 2140 Verum
368 2080 458 2161 igitur
476 2101 539 2142 esse
564 2083 774 2153 testimonium,
788 2101 886 2160 neque
906 2082 994 2140 iatam
1013 2080 1120 2158 ipsum,
1132 2096 1230 2157 neque

127 2170 217 2232 alium
230 2172 295 2252 ejus
308 2182 462 2252 patronum
476 2175 631 2235 ostendere
644 2195 732 2255 posse
746 2173 896 2235 existimo:
911 2173 966 2232 sed
979 2172 1069 2232 talem
1079 2171 1230 2250 quandam

128 2263 329 2324 defensionem
341 2281 408 2325 esse
420 2265 591 2326 meditatum
604 2265 702 2336 audio,
714 2285 748 2323 se
761 2265 972 2343 provocationis
985 2283 1050 2325 ease
1064 2283 1156 2337 reum,
1170 2284 1230 2325 non

127 2355 299 2428 testimonii,
312 2365 352 2429 et,
366 2356 474 2416 adduc
485 2357 540 2416 sibi
553 2373 619 2416 esse
633 2355 954 2437 respondendum,non
968 2357 1008 2418 ad
1021 2357 1119 2417 omnia
1130 2358 1230 2437 capita

129 2447 336 2520 accusationis,
355 2449 481 2527 primum
503 2465 542 2508 an
563 2447 760 2518 conditionem
783 2468 850 2510 eam
867 2449 1005 2511 Phormio
1036 2449 1106 2510 mibi
1129 2450 1231 2511 tulerit

128 2557 234 2613 necne,
247 2539 364 2611 dunde,
379 2549 479 2599 nuum
492 2557 557 2600 eam
572 2556 629 2620 ego
641 2561 701 2604 non
714 2542 885 2621 acceperim.
926 2543 974 2604 Ea
986 2542 1062 2604 eninr
1075 2544 1102 2605 si
1117 2542 1228 2624 simpli-

128 2632 206 2694 citer
218 2651 271 2712 pro
284 2633 452 2694 testimonio
466 2633 629 2694 affirmasse
639 2633 735 2695 dicet:
758 2636 959 2696 cetemillnm
978 2637 1009 2696 in
1021 2637 1228 2717 provocatione

128 2725 275 2807 posuisse,
287 2742 354 2806 qne
366 2743 474 2786 verane
487 2743 526 2785 an
540 2725 616 2786 falsa
629 2724 696 2798 sint,
710 2745 765 2786 sua
775 2725 847 2786 nihil
861 2727 1011 2790 interesse.

160 2819 224 2879 13.
245 2818 396 2880 Adversus
417 2817 506 2900 igitur
525 2835 591 2878 eam
611 2816 771 2878 orationem
793 2827 825 2878 et
845 2817 1064 2898 impudentiam,
1085 2821 1227 2899 optimum

132 2919 181 2972 est
201 2910 303 2990 paucis
323 2929 378 2971 vos
394 2909 579 2991 premoneri,
598 2929 636 2969 ne
654 2908 849 2990 decipiamini.
891 2907 1021 2968 Primam
1040 2910 1140 2990 igitur,
1159 2929 1227 2970 cunr

130 2999 232 3063 dicere
252 3000 474 3075 instituentes
493 3019 553 3063 non
568 2999 697 3078 omnium
719 3019 786 3062 esse
806 3016 899 3074 reum,
916 2999 1056 3080 cogitate,
1076 3001 1143 3081 lege
1159 3019 1227 3081 pro·

130 3103 235 3176 pterea
257 3103 377 3155 cantum
391 3109 456 3154 esse
473 3103 508 3155 ut
524 3093 720 3171 testimonium
737 3093 846 3156 tabulis
863 3094 1079 3168 inscriberetur,
1092 3114 1130 3156 ne
1145 3095 1228 3175 quic·

130 3206 220 3266 qnam
233 3185 348 3266 scriptis
361 3185 408 3246 rel
422 3185 492 3248 eddi
504 3186 550 3248 vel
564 3186 676 3248 detrahi
690 3181 800 3268 posset.
836 3186 914 3248 Tum
927 3187 1016 3268 igitur
1028 3207 1066 3249 ea
1077 3187 1169 3248 deleri
1176 3187 1227 3268 ju·
1275 3222 1279 3231 ·

129 3283 202 3343 bere
215 3280 326 3354 debuit,
337 3273 404 3362 quse
413 3299 447 3341 se
458 3300 537 3342 nuuc
550 3281 659 3342 dinism
670 3293 770 3364 negat,
781 3301 842 3344 nou
853 3285 1226 3363 nunc,postquaminsunt.

130 3373 316 3454 impudenter
336 3371 459 3434 mentiri.
501 3373 618 3435 Deinde
641 3373 712 3434 illud
724 3374 814 3436 etiam
832 3374 1013 3456 perpendite,
1028 3375 1160 3455 nunquid
1179 3384 1227 3437 me
1282 3365 1293 3368 ’

132 3465 372 3549 arreptatabeiia
382 3466 542 3547 quidquam
554 3467 718 3528 adscribere
728 3468 910 3547 pateremini.
939 3467 1009 3529 Non
1022 3468 1131 3547 utique.
1153 3467 1229 3531 Pro·

131 3561 202 3620 inde
215 3579 273 3622 nec
285 3560 335 3621 isti
349 3569 383 3620 ut
395 3559 495 3621 deleat
507 3559 662 3640 quicquam
674 3581 690 3622 e
704 3559 820 3640 scriptis
835 3561 1140 3644 permittendumest:
1160 3561 1231 3640 qnis'

132 3653 212 3713 enim
221 3666 350 3732 sapiam
358 3652 426 3714 falsi
434 3651 593 3714 testimonii
602 3654 803 3741 convincetur,
814 3653 840 3713 si
853 3663 884 3714 et
895 3653 1125 3732 testabitdrquoe
1136 3652 1227 3724 solet,

132 3755 166 3806 et
178 3760 300 3825 qnorum
317 3745 432 3808 iibitum
450 3747 506 3808 erit
518 3747 659 3808 rationem
673 3746 795 3808 reddeti
832 3747 893 3808 Sed
906 3747 1024 3808 nonita
1039 3746 1104 3806 heac
1117 3745 1164 3805 rel
1182 3744 1227 3804 di-

130 3837 242 3900 stincta
259 3837 325 3919 iege
341 3849 422 3914 sunt,
433 3839 483 3902 vel
500 3838 647 3900 audienda
660 3841 762 3902 robis:
781 3839 836 3900 sed
849 3839 923 3900 illud
934 3840 1058 3920 simplex
1071 3846 1103 3898 et
1113 3846 1226 3898 rectum

132 3941 190 4002 est,
224 3931 316 4012 quid
351 3932 541 4013 scriptum
573 3931 657 3993 esti
697 3932 789 4013 qnid
823 3941 1003 3993 testatus
1037 3930 1101 3991 esi
1143 3929 1227 3990 hrec

133 4041 224 4084 esse
248 4043 343 4085 vera
371 4024 553 4087 ostende.
596 4023 672 4085 Nam
684 4013 772 4084 'litem
795 4023 838 4084 ita
858 4031 1041 4085 contestatus
1063 4039 1107 4094 es,
1130 4025 1228 4082 -verti

134 4136 216 4177 snm
252 4127 452 4192 testatus,
478 4111 656 4179 testatus
691 4136 737 4179 es
772 4135 858 4197 quta
894 4124 988 4175 sunt
1017 4115 1057 4174 in
1084 4113 1229 4176 tabula

133 4209 303 4289 scripta,
325 4227 399 4271 non
421 4209 542 4284 illud,
569 4208 630 4270 vel
663 4209 783 4283 illud,
808 4208 849 4268 in
878 4207 1030 4268 tabula.
1070 4205 1227 4268 Utentem

132 4301 198 4364 bac
208 4303 250 4364 ita
262 4323 295 4365 se
308 4303 549 4376 habereconstet,
563 4319 633 4384 cape
644 4303 737 4384 ipsam
752 4301 811 4362 litia
818 4299 1074 4362 contestationem.
1094 4299 1209 4360 Recito.

696 4559 751 4613 du
