2967 5017
517 342 560 402 lll
582 343 838 407 STEPHANUM
859 345 885 406 l.
1185 348 1251 409 ost·

177 491 249 550 sas.
265 489 416 571 lmprobns
433 493 498 565 iste,
520 495 668 578 improbus
686 508 742 573 est,
757 485 962 576 Athenienses,
978 503 1041 582 jam
1061 501 1129 565 iude
1151 522 1188 563 ex
1209 522 1253 567 eo·

158 591 290 662 tempore
308 603 367 664 qno
387 585 426 646 ad
448 587 590 668 templum
610 591 740 652 Castoris
762 603 792 655 et
813 593 944 658 Pollucis
958 594 1057 656 vaeniit
1069 605 1098 656 et
1115 595 1247 674 injurius.

159 673 253 754 Cujus
271 673 312 736 rei
331 677 447 757 signum
467 679 539 743 illud
559 692 619 744 est:
638 685 730 762 quod,
749 687 774 746 si
790 687 890 767 justus
913 689 1024 763 luisset,
1037 707 1147 771 pauper
1159 701 1247 768 esset,

158 766 360 830 administrata
381 771 490 832 domini
510 776 650 853 pecunia;
671 799 760 848 nunc,
774 799 841 840 cum
854 793 914 841 tam
926 782 1074 861 ingentem
1092 782 1248 863 pecumm

158 859 188 918 in
202 869 347 939 potestate
360 862 503 938 habuerit,
517 877 551 928 ut
570 878 684 930 tantum
697 871 768 932 inde
781 873 860 934 olam
872 873 912 934 sit
924 873 1092 948 suffuratus,
1105 885 1247 954 quantum

158 973 239 1015 nunc
251 956 392 1035 possidet,
404 977 441 1018 ea
453 979 512 1020 non
527 961 647 1035 debere,
659 964 711 1024 sed
724 976 848 1046 acceptu
860 987 897 1026 es
910 967 1082 1047 patrimonio
1093 967 1201 1030 habere
1215 989 1248 1030 se

158 1048 311 1110 exisdmat.
350 1049 414 1131 Age
436 1071 490 1132 per
512 1053 584 1114 deos
608 1055 795 1130 immortales,
808 1060 834 1119 si
846 1069 881 1120 ut
896 1060 990 1122 t'urem
1010 1060 1205 1141 arripuissem,
1217 1062 1249 1122 in

158 1139 224 1220 ipso
236 1141 313 1202 furto
327 1141 548 1222 deprehensum,
562 1146 751 1210 facultatibus
760 1157 836 1231 quas'
846 1152 950 1232 habes,
964 1153 989 1212 si
1002 1153 1063 1213 heri
1076 1154 1180 1233 possit,
1194 1153 1248 1214 trbi

159 1235 310 1314 impositis,
324 1247 413 1317 atque
427 1237 468 1300 ita
482 1259 500 1299 a
513 1250 542 1301 te
555 1241 760 1321 postulassem,
773 1245 799 1304 si
811 1263 935 1326 negares
952 1265 1002 1306 eas
1017 1256 1047 1305 te
1062 1244 1248 1326 surripuisse,

160 1328 203 1388 uti
215 1349 252 1390 eo
264 1331 387 1391 referres
403 1331 481 1393 unde
502 1335 674 1415 accepisses,
687 1337 725 1397 ad
739 1357 895 1416 quemnam
911 1357 961 1398 eas
982 1336 1124 1400 referres?
1144 1337 1249 1418 Neque

159 1423 236 1483 enim
248 1423 313 1485 illas
326 1433 394 1484 tuus
407 1423 460 1486 tibi
473 1437 556 1506 pater
570 1429 698 1502 tradidit,
719 1451 775 1492 nec
795 1432 936 1513 reperisti,
947 1451 1043 1513 neque
1063 1431 1098 1492 iis
1117 1431 1185 1493 alibi
1199 1452 1248 1492 us·

159 1535 246 1596 qnam
261 1516 390 1599 acceptis
410 1519 448 1580 ad
468 1539 523 1583 noa
543 1521 662 1594 venisti;
681 1525 823 1585 barbarus
841 1525 919 1586 enim
936 1536 1051 1604 emptus
1067 1544 1111 1584 es.
1153 1523 1193 1584 Et
1205 1532 1249 1597 tu,

156 1626 243 1687 quem
256 1608 372 1688 publice
385 1609 569 1672 interfectum
583 1617 737 1693 oportebat
750 1627 867 1696 propter
884 1616 1025 1690 facinora,
1037 1634 1158 1695 corpore
1177 1631 1249 1674 con·

155 1709 283 1773 serrato,
296 1710 325 1759 et
338 1701 454 1761 civitate
475 1714 575 1764 nostra
595 1706 719 1784 pecunia
741 1708 794 1766 tibi
813 1716 993 1788 comparata,
1006 1717 1037 1766 et
1049 1725 1085 1766 eo
1098 1699 1250 1785 dignitatis

154 1799 279 1850 evectus
292 1801 325 1850 ut
338 1789 445 1852 liberos
460 1791 510 1871 qui
520 1793 701 1855 dominorum
711 1807 827 1857 tuorum
837 1797 942 1857 fratres
953 1807 1051 1858 essent
1069 1815 1248 1878 procreares,

151 1881 358 1960 exceptionem
372 1885 534 1963 opposuisti
554 1907 612 1948 non
632 1890 787 1950 convenire
800 1889 886 1951 nobis
900 1888 1044 1950 actionem
1062 1888 1093 1948 in
1114 1908 1180 1949 eam
1197 1909 1249 1970 pe·

156 1973 273 2035 eunhm
285 1993 373 2054 quam
386 1994 405 2035 a
418 1987 447 2036 te
459 1979 644 2056 peteremus?
662 1981 708 2040 Τιι
722 1981 806 2052 nobis
819 1983 997 2042 conviciatus
1009 1980 1060 2042 esl
1096 1981 1141 2041 'lu
1154 1981 1185 2041 iu
1198 2000 1254 2061 pa-

158 2076 231 2126 trem
244 2076 377 2128 borbum
389 2067 571 2148 inquisiviati,
584 2072 651 2150 quis
661 2072 769 2132 fuerit?
802 2075 878 2139 Quae
890 2072 956 2151 quis
974 2083 1030 2143 est,
1045 2073 1251 2150 Athenienses,

97 2161 101 2168 '
159 2160 208 2238 qui
222 2177 307 2238 requo
316 2160 392 2222 ferre
404 2161 502 2222 animo
515 2164 675 2242 potuisset?
696 2163 761 2244 Ego
775 2163 861 2235 euim,
876 2164 993 2225 temetsi
1006 2183 1052 2224 me
1065 2164 1147 2226 robis
1157 2168 1253 2227 omni·

160 2251 216 2312 bus
229 2251 293 2312 aliis
307 2252 492 2314 submissiore
512 2253 607 2324 animo
628 2275 690 2317 esse
711 2266 836 2336 oportet,
849 2257 906 2317 isto
925 2267 1025 2317 tamen
1045 2267 1112 2317 ess'e
1131 2257 1253 2318 elatiore

162 2355 293 2423 oportere
307 2365 433 2408 censeat·
445 2355 486 2420 et,
500 2346 525 2408 si
544 2347 632 2408 istum
653 2348 762 2408 nemini
779 2349 883 2410 cedere
902 2357 1057 2430 oporteret,
1071 2348 1141 2408 mihi
1153 2360 1253 2410 tamen

161 2457 229 2500 eum
240 2438 344 2500 cedere
358 2449 514 2519 oporteret.
546 2439 643 2502 Simus
657 2442 733 2500 enim
747 2441 788 2503 ita
801 2456 873 2502 sane
886 2461 951 2516 nos,
962 2451 996 2502 ut
1008 2449 1041 2502 tu
1054 2459 1110 2502 nos
1122 2442 1253 2506 oratione

162 2545 212 2598 tua
226 2531 322 2612 fingis,
336 2529 504 2593 servitutem
515 2543 577 2592 tute
591 2532 712 2594 servisti.
1170 2595 1174 2602 ,

201 2627 253 2685 24.
271 2625 416 2685 Fortassis
430 2633 528 2684 autem
541 2633 572 2686 et
584 2625 642 2686 hoo
655 2644 756 2685 eorum
769 2623 873 2706 aliquis
887 2626 1003 2700 dixerit,
1016 2628 1135 2688 fratrem
1154 2647 1252 2691 meum

160 2709 307 2780 Periclem
321 2717 392 2778 nihil
406 2717 442 2776 da
456 2735 491 2776 eo
504 2719 584 2797 queri
597 2719 627 2777 in
639 2717 684 2778 his
698 2720 795 2778 rebus.
834 2719 898 2797 Ego
912 2737 991 2793 vero,
1005 2719 1208 2793 Athenienses,
1221 2731 1253 2782 et

160 2809 199 2870 de
208 2809 396 2881 Pasicle,—a
406 2809 488 2870 vobis
498 2809 673 2889 deprecatus
683 2829 720 2870 ne
733 2829 812 2889 segre
820 2809 920 2872 feratis
933 2821 965 2870 et
975 2811 1067 2890 petits
1079 2813 1174 2886 renis,
1184 2813 1253 2873 sieo

159 2901 353 2982 processerim
366 2900 535 2975 iracundiae,
549 2911 591 2972 ut,
607 2919 754 2961 servorum
774 2920 904 2961 meorum
920 2902 1103 2962 contumeliis
1115 2903 1253 2975 irritatus,

159 3013 197 3055 ea
208 2995 328 3055 reticere
341 3013 495 3074 nequeam,
505 3013 572 3073 qum
582 2993 726 3054 hactenus
736 2993 822 3054 etiam
836 2991 899 3053 aliis
912 2992 1078 3054 dicentibus
1092 2992 1192 3054 audire
1205 3013 1253 3054 me

157 3085 391 3160 dissimulavi-,
406 3085 502 3147 dicam
515 3095 546 3147 et
558 3087 682 3148 tacenda
695 3086 808 3166 loquar.
849 3085 916 3165 Ego
933 3084 1078 3146 uterinum
1097 3104 1163 3148 esse
1183 3086 1253 3147 mihi

158 3179 281 3240 fratrem
293 3178 438 3240 Periclem
452 3179 594 3252 existimo,
608 3197 764 3259 germanus
777 3197 815 3238 an
828 3177 867 3238 sit
878 3177 959 3238 haud
972 3177 1044 3238 scio.
1069 3178 1165 3257 Atque
1180 3178 1254 3240 adeo

60 3292 63 3300 ’
159 3291 263 3334 sereor
279 3293 315 3333 ne
328 3269 459 3333 Pasicles
472 3270 642 3332 delictorum
656 3268 841 3332 Phormionis
853 3269 884 3330 in
896 3289 950 3330 nos
964 3268 1138 3352 principium
1158 3270 1255 3332 luerit.

160 3367 238 3428 Cum
251 3367 328 3428 enim
345 3386 428 3428 servo
441 3365 520 3427 adsit
532 3365 672 3448 despecto
685 3366 785 3435 fratre,
798 3373 829 3425 et
848 3383 901 3424 eos
921 3364 1002 3425 colat
1021 3383 1056 3425 ao
1073 3364 1223 3446 suspiciat,
1237 3385 1256 3427 a

159 3459 268 3539 quibus
287 3479 354 3520 eum
367 3458 422 3520 coli
435 3459 636 3531 conveniebat,
649 3477 738 3537 quam
758 3476 795 3517 ea
817 3475 864 3528 res
879 3456 992 3537 justam
1012 3456 1101 3518 habet
1113 3459 1255 3537 suspicio·
1288 3465 1293 3483 “

157 3552 248 3613 rieml
269 3551 359 3612 Aufer
372 3551 592 3632 i-gituremedio
602 3551 759 3626 Periclem,
769 3556 800 3611 et
811 3559 880 3619 tuus
890 3550 1047 3612 sanedlius
1057 3551 1155 3633 potios
1166 3571 1254 3630 qoam

156 3643 298 3705 dominus
318 3644 493 3720 nominetur,
507 3663 590 3705 meus
615 3653 714 3704 eutem
734 3642 935 3705 adversarius:
961 3643 1018 3704 hoc
1038 3644 1113 3704 enim
1134 3643 1255 3716 mauult,

157 3755 249 3817 quam
263 3737 442 3799 frateresse.
1046 3732 1054 3747 ’

200 3833 251 3889 25.
265 3829 334 3910 Ego
345 3851 415 3891 vero
429 3849 495 3891 eum
515 3829 612 3890 valere
628 3827 734 3909 jubam
755 3837 786 3888 et
797 3846 872 3907 quos
887 3827 958 3889 mihi
971 3837 1055 3908 patet
1067 3825 1188 3888 tradidit
1201 3826 1254 3887 ad·

150 3921 270 4003 jutores
282 3933 313 3983 et
326 3923 446 3997 amicos,
459 3923 498 3985 ad
517 3941 568 3984 eos
588 3921 683 3993 venio,
699 3920 802 3982 advos
822 3919 954 3981 Judices.
995 3919 1067 3992 Oro,
1081 3917 1214 3998 supplico
1225 3929 1256 3980 et

157 4016 302 4090 obtestor,
316 4035 354 4076 ne
370 4015 520 4097 patiamini
540 4024 574 4076 ut
594 4033 651 4095 ego
664 4023 695 4074 et
706 4013 775 4073 lilim
787 4023 906 4094 propter
925 4012 1050 4093 inopiam
1070 4011 1141 4071 meis
1163 4012 1255 4072 serris

153 4115 190 4169 et
202 4107 282 4169 illius
296 4108 523 4170 assentatoribus
538 4107 645 4168 derisui
659 4105 760 4167 simus.
807 4105 896 4167 hleus
908 4105 991 4166 robis
1005 4116 1089 4185 pater
1101 4101 1181 4165 mille
1193 4103 1255 4187 clp-

157 4219 232 4280 peos
247 4200 340 4273 dedit,
355 4211 386 4262 et
396 4220 477 4281 saepe
489 4201 571 4262 vobis
585 4199 686 4261 utilem
705 4217 824 4280 operam
842 4197 967 4271 navarit,
980 4207 1020 4271 et,
1034 4197 1162 4277 quinque
1174 4196 1256 4258 trire-

156 4291 255 4354 mibus
277 4292 355 4354 ultro
370 4293 486 4354 donatis
505 4303 538 4354 et
558 4291 619 4374 suis
638 4290 802 4371 sumptibus
825 4289 989 4370 completis,
1001 4287 1117 4350 navalia
1135 4309 1258 4350 munera

153 4384 239 4447 obiit
282 4387 320 4446 Et
333 4384 398 4447 heec
413 4389 472 4446 nod
486 4404 523 4446 eo
537 4403 740 4458 commemoro,
755 4382 835 4464 quod
848 4401 900 4442 vos
915 4381 1000 4442 nobis
1013 4381 1120 4444 debere
1134 4381 1256 4461 gratiam

155 4476 341 4548 existimemr
362 4497 417 4540 nos
439 4477 515 4540 enim
538 4477 678 4540 debemus
691 4476 791 4538 vohis:
811 4473 865 4537 sed
879 4494 989 4556 neper
1001 4473 1192 4555 ignorantiam
1206 4493 1259 4535 se·
