2967 5017
579 361 805 424 umerum.
1171 362 1229 422 stt

141 523 173 576 et
183 516 283 596 inopie
294 525 326 578 et
336 525 416 578 metu
428 514 630 578 conflictubon
670 516 802 585 Quorum
816 535 868 579 vos
878 513 949 578 nihil
960 513 1161 588 consideretis,
1177 515 1232 579 sed

139 610 232 670 verbs
244 617 275 670 et
292 608 502 672 humanitstem
522 609 593 670 mihi
613 609 787 684 invidentes,
796 629 843 672 sne
859 619 955 672 vesun
967 609 1066 690 culpe,
1079 609 1105 670 si
1117 609 1178 672 sors
1191 610 1233 672 itu

139 702 250 775 tulerit,
258 702 373 764 interire
388 702 507 764 sinetis:
527 721 622 782 oeque
641 703 719 764 euim
732 703 797 766 eliis
817 723 905 783 quum
918 703 1001 766 robis
1025 703 1148 784 supplex
1166 721 1232 764 esse

138 809 269 875 possm
309 797 359 856 Ac
379 804 443 856 tum
460 805 568 858 sortem
587 813 695 868 mesor,
708 796 780 858 setis
799 795 872 867 seio,
888 794 1049 856 misereturi
1069 794 1150 870 estis,
1163 815 1231 856 cunr

138 887 266 966 quereioe
280 907 378 968 neque
390 887 460 948 mihi
472 907 567 968 neque
582 888 663 948 robis
680 887 836 967 quicquum
850 887 1019 968 proderunt.
1062 887 1141 947 Nem
1159 887 1232 948 alies

140 991 417 1060 opes,pr1eteress
439 999 507 1059 quse
529 989 607 1040 noto
629 988 661 1039 et
680 987 789 1059 ereptus
807 979 878 1040 mihi
901 988 980 1051 sunt,
1001 978 1108 1040 hebere
1132 999 1168 1042 ne
1184 999 1231 1042 me

140 1071 328 1152 exspectetis.
356 1071 510 1152 Reliquiss
523 1071 621 1150 igitur,
629 1069 655 1130 si
668 1069 776 1131 omissa
789 1069 976 1132 contentione
990 1067 1020 1130 id
1032 1088 1084 1152 pro
1098 1070 1232 1130 humeni-

140 1172 202 1225 tute
215 1175 312 1226 vestre
324 1163 393 1226 mihi
407 1175 473 1225 tuto
485 1163 580 1224 iuuere
593 1161 806 1234 concesseritis,
821 1164 1001 1241 conquiram.
1042 1163 1146 1242 Neque
1156 1164 1234 1224 enim

139 1257 179 1319 sb
191 1257 324 1338 Hupulo
341 1277 390 1318 nre
403 1256 513 1336 aliquid
524 1253 672 1334 occepisse
685 1253 868 1317 ostendetis:
890 1273 959 1316 num
972 1273 1069 1336 neque
1080 1255 1233 1318 convictus

140 1369 219 1424 m,
237 1370 334 1430 neque
353 1349 465 1428 occepi.
506 1347 541 1406 Si
551 1366 620 1408 vero
643 1358 764 1410 senutus
783 1349 939 1409 obscurem
962 1348 1163 1410 suctoritsteor
1182 1359 1235 1410 sut

137 1443 238 1504 sicum
256 1441 397 1504 Martium
419 1439 583 1512 intuemini,
596 1439 699 1516 judicii
723 1440 762 1501 de
780 1441 978 1521 Aristogitone
1000 1439 1071 1502 fecti
1091 1441 1234 1503 recordsti

138 1535 315 1600 erubescite.
355 1534 425 1596 Non
438 1533 516 1596 eninr
529 1532 609 1595 uiue
621 1533 719 1594 huben
730 1533 824 1596 levius
838 1534 918 1614 quod
936 1531 1072 1594 mandem
1083 1531 1119 1594 iis
1132 1533 1182 1612 qui
1195 1535 1234 1596 sd

138 1630 230 1691 istum
251 1632 373 1690 modum
397 1629 428 1688 in
448 1647 495 1688 rue
515 1627 709 1705 deliquerunt.
759 1627 822 1688 Nee
846 1628 925 1688 euim
946 1627 1050 1688 iisdem
1073 1625 1234 1688 rationibus

138 1721 243 1799 ntique
265 1721 304 1780 eb
323 1719 427 1780 eodem
447 1729 552 1780 senetur
572 1719 800 1803 promulgatum,
814 1719 897 1780 illum
919 1720 1025 1782 dimitti
1041 1739 1156 1800 sequurn
1167 1739 1235 1784 esse

138 1810 257 1885 dicetis,
266 1831 395 1873 merere
408 1812 545 1874 interire:
567 1833 628 1874 non
641 1812 715 1873 odeo
727 1829 781 1872 vos
799 1811 993 1892 incogitantes
1007 1811 1090 1874 estis.
1130 1811 1234 1893 Neque

137 1903 219 1966 enirn
241 1921 354 1965 mereor
374 1923 472 1985 neque
488 1905 595 1986 dignus
614 1923 711 1986 neque
728 1902 779 1962 ilio
797 1903 923 1964 deterior
935 1923 1009 1977 suni,
1023 1904 1076 1964 sed
1089 1904 1234 1968 iuieiiocrs

138 1995 261 2076 quidem
274 2007 371 2058 vestre
381 2015 482 2059 ceusu.
502 1999 669 2060 Confiteor:
685 1995 750 2075 quis
763 1995 839 2057 enim
851 1995 995 2058 infelicem
1004 2015 1125 2058 meesse
1135 2009 1235 2076 neget,

138 2090 191 2151 cui
202 2089 241 2151 sd
253 2089 332 2150 susle
343 2099 453 2150 cerere
463 2091 494 2152 id
507 2109 623 2171 quoqne
636 2087 753 2150 secedit
766 2097 796 2148 ut
804 2107 872 2149 oum
883 2087 1084 2168 Aristogitone
1096 2109 1143 2152 rue
1153 2109 1233 2150 conr·

116 2231 123 2244 .
138 2201 252 2264 psum,
264 2182 422 2262 prasertim
434 2185 581 2264 perditun
594 2201 661 2245 euru
675 2181 836 2242 incolumi?
865 2181 968 2260 Neque
987 2181 1051 2242 huso
1064 2181 1203 2244 iracunde
1216 2202 1235 2244 s

139 2293 190 2336 sne
203 2275 261 2336 dici
273 2275 498 2355 putetis(neque
511 2277 590 2336 eninr
600 2295 657 2355 ego
667 2275 749 2336 vobis
763 2273 846 2335 irssoi
857 2275 991 2353 queem}
1006 2274 1059 2334 sed
1071 2285 1103 2336 ut
1113 2277 1237 2354 suspiris

139 2366 321 2442 dolentibus,
334 2368 379 2430 sic
394 2367 509 2430 effectis
528 2368 635 2451 injurie
652 2369 881 2448 conquestiones
899 2367 1053 2428 levamenti
1067 2367 1177 2448 aliquid
1191 2369 1235 2430 si·

138 2461 218 2522 ferre
240 2461 356 2522 solent:
377 2481 445 2522 num
466 2461 550 2522 vobis
570 2461 690 2541 quidem
709 2473 771 2522 tum
784 2461 860 2522 bene
876 2459 972 2541 cupio,
986 2479 1075 2539 quem
1093 2481 1146 2522 vos
1165 2463 1235 2522 mibi

138 2556 277 2635 optarim.
302 2553 342 2614 Et
354 2553 411 2614 hoc
423 2554 453 2614 in
463 2555 596 2616 omnibus
609 2557 698 2616 rebus
710 2565 744 2616 ct
761 2554 916 2627 declarari,
929 2565 960 2615 et
974 2553 1146 2618 declsrebo:
1166 2577 1234 2618 nens

138 2645 226 2706 initio
239 2645 338 2706 stutirn
348 2647 475 2706 suinrutn
489 2647 590 2708 induri
600 2667 707 2720 meum,
720 2646 853 2727 quisquis
864 2646 902 2708 sd
918 2647 1125 2726 rempublicam
1134 2669 1235 2711 soces-

137 2737 318 2810 seriturodo
327 2739 422 2799 bonus
431 2739 503 2799 ciris
512 2759 580 2801 esse
590 2741 671 2812 vetit,
680 2760 748 2801 eum
757 2741 799 2801 sic
812 2759 882 2818 erge
895 2759 997 2800 omnes
1008 2740 1088 2800 cives
1099 2741 1233 2802 effectum

138 2849 213 2892 esse
223 2829 338 2901 decere,
351 2841 386 2892 ut
396 2831 505 2893 liberos
522 2853 594 2913 erge
606 2843 753 2913 putentes.
774 2842 808 2892 ut
828 2851 880 2894 eos
898 2832 1015 2911 quidest
1028 2850 1116 2910 quern
1128 2833 1234 2911 oequ'e-
1319 2853 1322 2862 ·

141 2923 234 2984 simos
253 2921 376 3002 experiri
393 2934 487 3003 optet,
501 2926 555 2985 sed
575 2925 793 3004 quotuscunque
808 2923 915 2984 tuerint
931 2924 1008 2984 ieret
1024 2941 1110 3002 equo
1126 2926 1233 2986 euimo.

142 3017 193 3077 its
203 3015 281 3076 euim
294 3015 371 3080 vinci
382 3017 554 3097 werinum
566 3028 613 3080 est
621 3027 663 3080 ·et
679 3037 699 3079 n
717 3017 909 3098 prudentibus
923 3017 1043 3079 victoris
1059 3019 1235 3080 conveniens
1359 3035 1368 3056 ¹

140 3107 334 3170 existimetur.
375 3109 488 3172 Veiete.
