2967 5017
256 318 318 377 130
566 316 1042 384 uxosalsoouolouohtr

779 548 813 608 1..

290 673 417 756 Equum
425 686 514 748 esset,
527 675 734 749 Athenienses,
746 697 798 739 ras
813 697 873 738 nan
890 677 986 738 minus
999 676 1055 739 illis
1068 675 1117 755 qul
1137 691 1190 734 ros
1204 666 1339 754 decipere

253 765 416 839 voluerunt,
428 785 516 847 qusm
537 767 574 828 iis
590 767 641 848 qui
655 777 821 849 potuemus,
835 771 931 831 irasci.
971 769 1047 830 llam
1066 767 1147 847 quod
1160 767 1192 830 in
1203 766 1272 847 ipsis
1285 767 1343 828 snit

252 859 501 939 moerentesque
523 879 575 922 ros
594 861 791 922 induxerunt:
812 863 893 941 quod
916 881 986 924 vero
1007 859 1077 922 irriti
1097 879 1198 922 corum
1215 870 1339 922 conotus

251 951 380 1027 inerunt,
391 952 510 1014 fortuna
521 955 552 1015 ln
565 963 722 1029 causaest,
736 965 766 1016 et
778 958 870 1036 major
882 953 1128 1042 nunc-prudentia
1140 962 1239 1014 restra
1251 971 1338 1032 quam

252 1047 314 1105 turn
333 1065 399 1106 conr
413 1048 452 1106 sh
467 1045 530 1107 istis
547 1047 739 1110 traheremini.
781 1049 846 1129 Ego
864 1067 934 1110 vero
954 1057 1067 1109 tentum
1081 1047 1182 1107 abesse
1193 1055 1266 1126 puta
1284 1057 1338 1107 uo-

251 1145 341 1198 stram
354 1140 466 1210 urbem,
485 1149 520 1200 ut
532 1138 571 1201 de
591 1141 626 1200 iis
640 1141 778 1221 aquibus
800 1143 874 1200 lsess
892 1151 939 1203 est
960 1159 1073 1220 poenam
1092 1149 1198 1211 sumat,
1212 1148 1247 1199 ut
1261 1139 1337 1198 bene

250 1230 401 1291 nobiscum
411 1231 460 1311 agi
470 1231 615 1307 rideatur,
622 1232 646 1293 si
658 1252 764 1294 carere
777 1233 905 1319 possitis,
916 1253 954 1294 ne
966 1252 1053 1313 quam
1066 1232 1122 1313 ipsi
1135 1229 1248 1292 cladem
1261 1231 1336 1292 acci-

249 1321 353 1402 piatis:
374 1333 419 1384 tot
440 1324 613 1407 imposturis,
627 1335 672 1385 tot
692 1324 856 1405 prestigiis,
870 1336 914 1387 tot
933 1325 1059 1405 denique
1080 1321 1223 1403 obsequiis
1244 1342 1336 1404 oppu-

249 1414 388 1493 guamini.
427 1415 471 1476 Ac
485 1417 605 1476 istorum
624 1416 742 1495 quidem
756 1417 931 1498 improbitati
955 1415 1127 1478 accusundoe
1145 1424 1257 1497 tempus
1278 1415 1337 1476 hoc

249 1525 310 1566 non
323 1516 518 1588 opportunum
530 1527 596 1570 esse
608 1509 711 1570 rideo:
732 1509 909 1570 sulcantem
922 1509 969 1570 his
984 1509 1022 1570 de
1035 1511 1122 1570 rebus
1134 1519 1253 1590 proptor
1263 1528 1336 1588 quas

249 1600 370 1670 surrexi,
384 1619 452 1679 ques
464 1599 545 1661 utilia
556 1611 667 1682 putem,
680 1603 787 1664 dicere.

767 1761 815 1824 ld.

285 1876 425 1938 Convicia
441 1886 473 1937 et
484 1877 637 1948 turnultus,
652 1876 859 1950 Athenienses,
873 1895 938 1955 qum
958 1879 1099 1956 perpetuo
1111 1889 1215 1932 nocere
1229 1871 1336 1945 solent,

245 1969 422 2030 nuncetiam
436 1971 472 2029 ab
484 1968 588 2029 iisdem
606 1979 671 2028 orta
691 1977 769 2048 sunt,
781 1989 800 2028 a
811 1969 918 2047 quibus
938 1985 1068 2046 semper:
1089 1982 1148 2024 non
1161 1973 1260 2023 auteur
1273 1973 1334 2025 tam

244 2060 292 2120 isti
301 2060 532 2140 reprehendendi
541 2060 781 2120 sunt—fortassis
795 2059 871 2119 enim
885 2059 921 2118 ad
934 2058 990 2118 ista
997 2055 1131 2118 facienda
1143 2055 1294 2116 iracundia
1303 2069 1334 2118 et

244 2151 428 2212 aemulatione
450 2151 645 2225 adducuntur,
666 2152 803 2232 quodque
827 2151 955 2210 omnium
974 2150 1130 2209 maximum
1151 2159 1206 2219 est,
1221 2149 1334 2228 privata

242 2243 417 2319 utilitate-,
430 2261 519 2324 quarn
531 2263 593 2318 ros,
603 2235 808 2317 Athenienses,
816 2243 874 2321 qui,
885 2240 1007 2321 publicis
1017 2239 1189 2320 magnisque
1199 2240 1236 2301 de
1245 2243 1332 2302 rebus

241 2337 407 2408 convocati,
420 2335 538 2414 priuatis
562 2335 699 2396 conuiciis
713 2354 796 2395 aures
815 2334 978 2415 praebentes
995 2331 1142 2403 assidetis,
1160 2351 1253 2414 neque
1274 2333 1332 2395 hoc

240 2447 309 2490 curn
322 2431 424 2490 vestris
439 2429 542 2490 animis
554 2430 682 2508 cogitare
696 2419 829 2508 potestis,
845 2426 972 2487 omnium
990 2435 1137 2486 oratorum
1154 2425 1230 2486 inter
1251 2427 1330 2505 ipsos

240 2521 373 2585 convicia
385 2541 452 2602 qum
468 2533 551 2582 extra
568 2521 710 2602 judicium
728 2519 808 2582 facts
831 2531 909 2593 sunt,
924 2520 1041 2580 tametsi
1056 2519 1093 2578 de
1115 2518 1173 2578 illis
1187 2518 1261 2580 elios
1282 2520 1331 2580 alii

240 2613 430 2687 convicerint,
443 2633 479 2674 eo
491 2613 619 2674 recidere
633 2614 759 2693 denique
773 2623 807 2674 ut
819 2633 870 2674 vos
888 2631 988 2692 poenas
1002 2609 1087 2688 detls.
1117 2610 1240 2684 ¹Praeter
1253 2614 1330 2674 euim

238 2707 362 2767 fortasse
377 2725 498 2786 paucos,
513 2726 551 2766 ne
565 2725 667 2767 omnes
680 2706 787 2774 dicam,
801 2705 900 2766 nullus
917 2723 1015 2765 eorum
1030 2704 1079 2764 elii
1091 2705 1282 2780 conviciatur,
1296 2715 1330 2765 ut

237 2792 308 2858 ullae
320 2819 367 2859 res
380 2810 487 2861 restra
500 2800 876 2885 corrigantur—plurimum
890 2811 969 2858 certe
990 2798 1124 2872 abest-,
1144 2797 1196 2858 scd
1210 2798 1281 2860 iacit
1292 2819 1329 2860 eo
1344 2831 1348 2838 ·

236 2893 367 2972 quisque,
390 2901 424 2952 ut
445 2891 571 2971 eaquae
592 2893 690 2954 facere
709 2893 857 2972 quendam
883 2901 1027 2963 asserunt,
1041 2889 1157 2950 tametsi
1183 2910 1328 2951 summum

235 2983 332 3044 scelus
352 2983 591 3045 committendum
609 2985 657 3058 sit,
671 2985 702 3042 id
715 2985 779 3062 ipse
793 2987 900 3058 majore
915 3000 983 3042 cum
996 2980 1056 3041 otio
1066 2991 1219 3062 perpetret.
1252 2982 1328 3042 Haec

235 3075 277 3137 ita
290 3097 323 3136 sc
335 3077 455 3156 habere,
466 3097 503 3136 ne
517 3076 586 3135 mihi
599 3075 719 3148 credite,
733 3075 785 3134 sed
806 3077 861 3154 ipsi
875 3065 1023 3154 paulisper
1036 3075 1229 3136 considerate.
1270 3074 1328 3135 lic-

235 3171 301 3249 quis
313 3189 444 3248 unquam
458 3168 583 3228 surrexit
596 3169 646 3247 qui
661 3168 780 3238 diceret,
793 3163 956 3228 uestras
983 3186 1080 3247 opas
1107 3167 1180 3248 dep
1192 3188 1262 3229 ecu
1273 3169 1283 3228 l
1293 3189 1326 3230 a·

235 3272 354 3321 turus
392 3259 539 3339 prodii,
574 3259 871 3331 Athenienses,
895 3253 946 3320 “ut
974 3279 1049 3319 nou
1073 3271 1211 3320 restra
1241 3281 1325 3341 gra-

234 3351 318 3412 cist
345 3353 440 3413 Nemo
456 3352 499 3412 sic
512 3351 594 3423 dicit,
604 3352 656 3412 sed
671 3353 831 3432 provehis,
845 3364 875 3412 ct
887 3363 1003 3432 propter
1016 3372 1077 3424 vos,
1088 3361 1120 3412 et
1132 3351 1205 3413 tales
1219 3371 1325 3414 causas

234 3444 367 3506 afferunt
410 3445 500 3525 Agite
520 3464 589 3505 vero
612 3446 807 3520 considerate,
825 3445 1027 3518 Athenienses,
1045 3446 1096 3524 qui
1122 3445 1240 3506 tandem
1262 3445 1324 3519 dat,

234 3549 268 3598 ut
291 3558 405 3598 summa
428 3557 523 3598 rerum
547 3547 718 3609 vestrarum,
750 3539 854 3618 quibus
879 3558 982 3598 omnes
1004 3537 1230 3618 patrocinantur,
1257 3539 1323 3600 loco

233 3629 322 3689 nihilo
335 3629 454 3688 meliore
468 3629 508 3690 sit
517 3647 606 3708 quam
623 3629 723 3709 prius:
745 3629 793 3690 isti
814 3650 882 3690 vero
904 3631 954 3709 qui
974 3649 1029 3710 pro
1041 3629 1123 3690 rubis
1143 3629 1250 3702 omnia,
1269 3651 1323 3711 pro

232 3722 394 3802 semetipsis
415 3721 497 3795 nihil,
515 3722 626 3792 dixere,
650 3721 754 3782 divites
778 3742 795 3782 e
818 3722 959 3784 mendicis
982 3721 1052 3782 iacti
1078 3722 1157 3782 sinti
1186 3723 1263 3791 Quia
1279 3743 1322 3797 se,

233 3815 439 3886 Athenienses,
462 3833 517 3875 ves
544 3833 641 3874 amare
659 3815 785 3895 jactant,
809 3835 876 3894 curn
900 3835 959 3876 nou
980 3835 1043 3886 ros,
1064 3817 1117 3875 sed
1138 3817 1322 3897 semetipsos,

232 3919 338 3968 ament.
378 3907 415 3966 ld
438 3908 556 3986 quidem
574 3916 608 3967 ut
622 3907 763 3981 rideretis,
785 3919 818 3968 ut
830 3909 1056 3988 applauderetis,
1073 3909 1218 3969 interdum
1233 3911 1321 3972 ctiam

231 4011 264 4059 ut
277 3999 440 4080 speraretis,
453 3999 535 4061 robis
552 4000 771 4080 impertierunt:
793 4000 846 4060 sed
866 4000 988 4079 adipisci
1010 4010 1237 4082 constanterque
1252 4004 1322 4063 Rei-

229 4093 355 4170 publicae
367 4093 482 4153 tradere
496 4094 565 4152 boni
588 4093 744 4172 quicquam
762 4112 799 4152 ne
813 4092 920 4153 velient
934 4091 1062 4172 quidem.
1103 4095 1171 4161 Quo
1183 4096 1261 4154 euim
1274 4096 1323 4157 dic

230 4184 384 4244 immodica
405 4185 462 4246 ista
486 4187 652 4246 infirmitate
674 4185 785 4246 liberati
808 4185 929 4256 fueritis,
942 4185 1010 4246 istos
1034 4207 1089 4248 nec
1108 4187 1214 4248 intueri
1235 4209 1323 4268 porro

230 4277 419 4336 sustinebitis.
448 4279 536 4337 Nunc
549 4297 617 4338 vero
629 4279 780 4356 drachma,
795 4279 878 4352 ehoe,
892 4289 1017 4356 quatuor
1027 4277 1217 4352 obolis,uelut
1226 4299 1322 4359 ugro-

228 4378 337 4428 tantem
359 4371 499 4449 populum
520 4371 639 4444 lactant,
662 4392 697 4431 ac
721 4371 849 4445 omnino,
875 4371 1078 4446 Athenienses,
1092 4373 1220 4451 quoeilli
1237 4375 1322 4436 vobis
