2967 5017
479 333 524 396 lN
546 333 804 396 STEPHANUM
828 335 853 393 l.
1153 329 1213 389 639

119 493 198 576 quod
211 491 262 554 isti
275 501 341 553 ante
353 464 521 553 citan'onem
535 487 634 550 testati
648 497 736 549 suut:
757 503 811 548 ros
824 493 925 546 autem
938 481 1123 546 considerate
1141 479 1214 564 quid

120 587 226 651 dream
1015 603 1019 610 ·
1159 581 1164 590 '

507 709 835 771 TESTAMENTUM.

152 861 213 910 llssc
222 856 458 909 Pssiodclsrssssis
468 861 568 906 tsststns
579 861 623 904 est.
643 855 682 902 Do
696 867 772 902 messs
786 865 884 900 uorsus
894 847 1037 912 Archippus
1047 843 1181 896 Μαί
1190 851 1216 896 et

122 939 201 988 dotans
212 936 340 999 Archippe
355 933 416 983 sddo
427 933 537 984 talantum
551 932 610 981 illud
627 931 791 994 resparsus,
811 929 868 978 itsss
884 927 995 976 tslsntsss
1008 941 1038 974 οι
1053 925 1137 975 sdan
1152 925 1215 984 loco,

120 1016 185 1064 sedes
196 1020 286 1063 castum
301 1013 422 1068 minarum,
438 1011 543 1068 ancillas,
558 1018 583 1060 st
599 1023 688 1065 suram,
698 1015 723 1056 st
744 1015 829 1065 μίση
839 1021 892 1068 qssr
906 1003 971 1053 domi
982 1003 1060 1061 tua.
1068 1018 1099 1052 ss
1107 1001 1217 1052 unissrss

121 1091 247 1154 Archippe
257 1087 352 1153 largior.

121 1205 266 1278 Audistis,
288 1202 499 1276 Athenienses,
516 1200 593 1263 dotis
615 1201 857 1281 magnitudinem,
879 1199 1082 1261 talentum
1103 1215 1121 1256 e
1148 1194 1216 1257 Pe·

120 1295 305 1377 paretho,
324 1294 523 1372 talentum
549 1291 686 1354 eodem
715 1313 763 1354 ex
790 1293 894 1366 loco,
915 1290 1026 1351 sedes
1050 1297 1217 1352 centum

121 1387 326 1460 minarum,
345 1385 535 1460 ancillas,
553 1396 591 1446 et
609 1403 755 1459 surum,
773 1395 813 1457 et
829 1394 987 1456 caetera,
1002 1382 1218 1462 inquitquoe-

121 1499 281 1560 cunque
300 1477 335 1538 ei
359 1477 461 1538 domi
483 1489 576 1540 sunt
595 1478 630 1539 ei
652 1473 1220 1560 largiorzquoscriptononisetian

117 1569 288 1652 inquirendi
302 1589 401 1630 eorum
415 1571 522 1650 aliquid
534 1591 600 1650 qun
612 1571 715 1632 relicta
726 1582 797 1632 sunt
809 1570 980 1632 facultatem
991 1568 1086 1649 eripit.

163 1664 195 1723 9.
218 1664 284 1741 Age
297 1681 365 1722 vero
381 1671 412 1722 et
434 1663 609 1724 locationem
623 1663 706 1724 vobis
720 1663 936 1734 ostendamsex
948 1679 1007 1740 qua
1019 1659 1075 1720 ista
1088 1675 1219 1720 mensam

117 1775 137 1816 a
153 1761 240 1834 patre
255 1752 450 1814 conduxerat:
472 1771 540 1812 narn
560 1765 591 1814 et
614 1771 650 1814 er
671 1773 717 1827 ea,
730 1772 899 1835 quanquam
915 1750 1124 1823 commentitia,
1139 1749 1219 1812 vide·

115 1845 205 1918 bitis,
220 1853 418 1905 commentum
432 1863 498 1906 esse
511 1855 605 1906 totuss
618 1855 838 1907 testamentum,
869 1844 1034 1907 Ostendam
1046 1853 1143 1905 autem
1156 1862 1220 1905 eam

118 1937 311 2010 locationem,
323 1957 412 2017 quarn
432 1939 488 1999 iste
508 1939 649 2012 exhibuit,
663 1958 722 2000 non
736 1938 833 2012 aliam,
851 1939 881 1998 in
902 1958 961 2020 qua
979 1948 1027 2000 est
1042 1938 1221 2018 adscriptum

121 2040 237 2112 patrem
251 2028 388 2090 undecim
401 2030 508 2092 debere
522 2029 635 2092 talenta
654 2031 703 2093 isti
723 2031 762 2092 ad
783 2031 927 2112 deposita.
967 2033 1044 2093 Sunt
1062 2041 1160 2092 autem
1174 2049 1221 2103 ea,

123 2123 236 2202 opinor,
250 2119 387 2202 hujusmo
410 2122 429 2181 “.
470 2122 671 2185 Domesticam
694 2125 862 2204 pecuniam,
881 2133 917 2184 ut
937 2123 1023 2186 matri
1045 2133 1222 2184 testamento

123 2213 263 2295 legatam,
278 2211 308 2272 in
323 2231 375 2272 sua
422 2223 595 2294 potestatem
608 2214 731 2294 redegit,
744 2226 780 2275 ut
790 2215 879 2276 modo
893 2215 1059 2276 audivistis:
1073 2236 1138 2277 eam
1151 2234 1221 2276 sero

125 2327 191 2386 qum
205 2307 237 2366 in
250 2323 353 2366 mensa
365 2313 438 2379 erat,
450 2323 539 2384 quam
553 2324 653 2366 umnec
667 2316 773 2368 nomnt
785 2327 911 2387 quaeque
920 2307 1019 2368 calari
1028 2327 1088 2369 non
1098 2317 1221 2388 poterat,

125 2397 310 2460 ostendendo
323 2407 435 2477 patrem
449 2409 581 2459 nostrum
596 2400 758 2460 obseratum
770 2419 846 2472 esse,
861 2410 1103 2480 ut,·quoecunque
1114 2402 1222 2462 harere

126 2491 358 2572 convinceretur,
375 2511 412 2552 ea
429 2511 460 2550 se
480 2491 624 2572 recepisse
647 2504 800 2553 assereret.
841 2492 903 2553 Vos
923 2503 1022 2553 autem
1044 2513 1122 2566 eum,
1140 2493 1221 2574 quod

126 2604 236 2666 genere
246 2585 387 2646 sermonis
400 2583 588 2645 insolentiore
603 2583 704 2654 utitur,
717 2586 873 2645 barbarum
890 2584 1021 2646 fortassis
1033 2594 1064 2647 et
1075 2585 1221 2646 hominem

126 2677 290 2758 simplicem
303 2677 430 2757 putatis:
453 2687 498 2737 est
511 2695 580 2738 vero
593 2677 732 2736 barbarus
746 2676 814 2736 odio
827 2677 857 2735 in
871 2696 922 2737 ecs
935 2695 1010 2756 quos
1023 2677 1119 2738 colere
1132 2678 1223 2740 debe-

126 2771 188 2844 bat,
203 2770 258 2830 sed
281 2768 429 2830 maleficiis
450 2779 479 2828 et
501 2767 667 2848 corruptela
687 2769 869 2848 negotiorum
891 2767 1007 2830 nemine
1028 2778 1075 2829 est
1094 2769 1222 2832 iuferiora

127 2863 210 2944 Cape
224 2861 401 2923 locationem
414 2870 445 2922 et
456 2861 533 2942 lege,
546 2879 634 2940 quern
648 2859 752 2922 eodem
765 2859 853 2920 modo
865 2877 918 2940 per
930 2858 1165 2939 provocationem
1177 2861 1223 2920 in·

123 2954 270 3033 jecerunt.

494 3108 669 3170 LOCATlO
692 3107 857 3168 MENSAE.

150 3251 200 3299 ilis
209 3248 381 3298 conditionibus
386 3249 549 3298 loossitl’ssio
555 3265 656 3298 mensam
665 3251 809 3299 Phormioni:
818 3259 845 3300 ut
851 3249 1016 3313 prolocutione
1025 3255 1226 3306 mesomio

130 3330 182 3378 filiis
195 3329 304 3378 Pssicnis
316 3328 369 3378 bina
380 3329 466 3376 tsleuts
474 3336 498 3376 st
507 3330 665 3391 quadrupenss
678 3330 751 3377 miuss
760 3328 980 3391 quotannis-sotsac,
988 3333 1226 3393 pmtsrquotidisnss

129 3406 255 3468 impensas,
265 3422 294 3454 ns
306 3420 363 3452 seso
375 3404 446 3452 liccat
456 3405 552 3452 seorsim
565 3405 715 3467 argenteriam
728 3407 803 3453 lscsrs
817 3407 959 3477 l’lrusrpioni,
971 3405 1015 3455 nisi
1027 3407 1131 3456 slibsris
1141 3409 1225 3460 Pasin-

130 3485 165 3532 sis
175 3485 202 3532 id
211 3481 341 3545 impetrarit
350 3495 358 3541 ;
369 3481 439 3530 debet
449 3488 525 3528 sutem
534 3482 606 3529 Pssin
618 3483 647 3530 sd
659 3497 759 3530 mensam
771 3482 879 3532 undecim
889 3483 975 3531 tsleuts
985 3483 1015 3531 sd
1025 3483 1139 3546 deposita.

131 3619 230 3688 Quam
244 3619 332 3699 igitur
346 3619 510 3699 pactionem
524 3621 663 3692 exhibuit,
676 3642 716 3682 ex
733 3641 793 3702 qua
813 3621 988 3688 conduxerit
1007 3643 1149 3698 mensam,
1161 3625 1225 3686 haec

131 3723 185 3784 cst,
200 3711 334 3774 ludices.
376 3711 491 3772 Auditis
515 3723 610 3774 autem
630 3713 659 3773 in
679 3733 715 3776 ea
736 3715 804 3794 legi,
824 3715 1086 3778 istum-locationis
1108 3717 1226 3778 nomine

131 3803 263 3882 madere
275 3803 397 3876 debere,
411 3813 513 3882 praeter
526 3804 711 3884 quotidianas
724 3805 961 3887 impensas-bina
972 3809 1085 3870 talenta
1106 3818 1137 3868 et
1151 3827 1225 3887 qus·

133 3897 280 3978 magenes
287 3897 381 3958 minas
391 3897 549 3976 quotannis
560 3918 567 3957 :
580 3917 640 3958 nou
651 3898 739 3960 licere
750 3899 1083 3980 autemeiargentarium
1093 3911 1226 3962 seorsum

132 3989 240 4088 iacere,
253 3990 309 4050 nisi
323 3988 406 4050 nobis
417 3988 448 4049 id
460 3991 650 4068 persuaserit:
671 4002 821 4072 postremo
833 4011 903 4054 vero
916 3991 1095 4072 adscriptum
1106 4001 1163 4065 est,
1175 3992 1226 4055 de·

132 4083 183 4143 bet
194 4091 294 4144 autem
306 4081 395 4144 Pario
407 4079 542 4142 undecim
558 4081 670 4144 talenta
682 4083 711 4144 in
727 4084 868 4164 deposita.
884 4131 890 4142 .
910 4085 966 4143 Est
978 4084 1225 4165 veroquisquam,

113 4235 117 4243 ,
133 4175 181 4253 qui
195 4174 268 4255 ligni
282 4184 313 4234 et
332 4173 392 4234 loci
409 4183 439 4234 et
452 4173 567 4236 tabellae
582 4185 693 4236 mutam
706 4179 863 4239 annueret
875 4175 1069 4237 locationem?
1090 4177 1145 4239 Est
1156 4197 1227 4240 reru

134 4265 296 4346 qnisquam,
308 4265 359 4345 qui
374 4265 412 4338 ei,
431 4285 482 4344 per
496 4285 582 4345 quem
596 4285 698 4328 mensa
709 4277 824 4330 antam
837 4266 904 4327 saris
918 4265 1004 4328 alieni
1022 4270 1227 4343 monuisset,

132 4356 247 4437 reliqua
259 4355 426 4428 crearent,
445 4356 477 4418 Si
496 4357 575 4432 enirn
590 4368 636 4418 tot
647 4359 779 4439 pecunie
793 4358 960 4437 defuerunt,
973 4359 1029 4421 isto
1041 4372 1228 4442 procuratore

132 4445 299 4528 defuerunt.
341 4449 428 4513 Scitis
447 4449 524 4511 enim
547 4469 660 4525 omnes,
684 4451 773 4514 auam
791 4469 858 4514 cum
874 4461 959 4533 pates
976 4453 1171 4534 argentariam
1183 4454 1228 4514 is·
