2967 5017
462 349 636 414 CONTRA
656 349 932 414 TIMAROHUM.
1196 343 1231 418 ii

137 505 286 578 marciins,
305 505 361 567 sed
380 509 500 589 recapit,
520 527 589 570 oum
605 503 690 570 auiis
711 527 744 570 ra
762 505 905 572 mediocri
924 519 1026 590 egeret
1047 495 1235 592 (pmagnm
1257 491 1258 496 ἵ

136 601 218 661 enini
227 619 300 680 opes
314 600 340 660 ei
350 609 435 680 pater
444 602 611 681 reliquerat,
619 620 695 682 quas
708 603 765 662 iste
775 601 904 674 decoxit,
917 614 952 662 ut
962 619 1021 682 ego
1029 603 1112 664 vobis
1124 603 1235 684 inpro-

135 711 241 771 gressu
254 693 392 754 orationis
406 695 574 771 ostendam)
583 695 636 754 sed
645 695 702 755 ista
714 695 799 766 iecit,
807 705 843 756 ut
849 694 1026 776 turpissimis
1038 696 1235 776 voluptatibus
1290 683 1295 690 ’

133 783 357 863 obsequeretur,
371 783 483 847 deliciis
495 786 636 858 ciborum,
653 797 684 847 et
694 786 874 865 sumptuosis
888 786 993 859 coenis,
1006 794 1039 846 et
1054 786 1191 861 tibicinis,
1203 797 1237 850 st

133 875 345 947 meretricibus,
359 885 390 936 et
398 877 527 947 tesseris,
540 877 705 957 mnusque
718 878 817 951 rebus,
830 897 954 958 quarum
967 877 1050 938 nulls
1057 877 1134 939 rium
1146 879 1236 940 debat

133 983 310 1042 generosum
323 976 362 1027 et·
375 967 497 1030 iiberaie
517 968 677 1050 ingenium.
712 968 819 1048 Neque
835 969 980 1030 ushrium
1000 969 1089 1028 istum
1112 969 1142 1029 in
1162 970 1235 1031 flore

134 1059 232 1118 matis
249 1079 311 1119 sure
319 1058 436 1139 puduit,
450 1060 559 1121 relictis
572 1061 702 1141 paternis
720 1061 836 1121 sedibus
851 1059 930 1142 apud
945 1059 1107 1140 Misgoiaru
1120 1062 1234 1123 rivaret
1321 1133 1328 1142 ι

132 1151 183 1228 qui
193 1166 290 1229 neque
303 1162 442 1232 paternus
452 1157 515 1229 ejus
525 1153 647 1224 amicus,
661 1171 758 1231 neque
770 1153 903 1231 aequalis,
916 1171 1014 1233 neque
1024 1163 1141 1214 curator
1153 1161 1232 1213 erat:

134 1243 188 1302 sed
202 1243 326 1314 alienus,
336 1253 368 1305 et
379 1245 445 1324 ipso
457 1253 529 1304 natu
541 1245 691 1323 grandior,
700 1255 732 1304 et
744 1245 774 1304 in
783 1244 929 1323 ejusmodi
937 1247 1027 1306 rebus
1036 1245 1233 1308 incontinens.

175 1336 224 1393 li.
234 1335 421 1395 -Trmercbus
442 1336 532 1416 igitur
546 1355 614 1396 cum
632 1336 691 1396 aiia
704 1336 869 1396 deridenda
881 1335 951 1396 iecit
963 1335 1020 1396 iilis
1040 1337 1232 1416 temporibus,

131 1435 295 1486 tumuuum
303 1426 454 1505 quiddam,
462 1427 542 1506 quod
552 1428 635 1488 vobis
644 1428 780 1488 canabo.
802 1428 954 1506 Agebatur
963 1427 1142 1486 urbanorum
1155 1427 1232 1488 Bac·

131 1519 301 1581 cbanaiium
329 1521 495 1582 celebritas.
537 1521 606 1582 Una
630 1541 719 1601 porro
740 1522 846 1581 festum
868 1519 1057 1580 celebrabant
1077 1519 1232 1598 Misgolas,

131 1607 220 1673 istius
231 1613 353 1692 hospes,
366 1623 397 1673 et
409 1613 553 1674 Phaedrus
562 1613 667 1675 Calliae
680 1615 716 1673 Ρ.
730 1613 894 1692 Sphettius.
917 1613 995 1672 Cum
1007 1621 1105 1672 autem
1115 1611 1232 1671 tinar-

131 1704 211 1763 ehus
223 1703 419 1783 promisisset,
434 1723 467 1764 se
479 1723 621 1766 unacum
633 1706 669 1763 iis
683 1705 793 1764 testum
808 1715 961 1764 scurram:
983 1703 1025 1762 iiii
1039 1704 1110 1764 dum
1127 1703 1232 1763 ceteris

129 1794 219 1853 rubus
228 1796 405 1873 apparandis
420 1805 613 1876 occupantur,
622 1796 679 1855 iste
690 1815 751 1855 uon
764 1794 926 1856 revertitur.
948 1793 1045 1863 Quam
1059 1811 1120 1854 rem
1130 1794 1231 1873 iniquo

129 1884 231 1944 animo
243 1885 342 1945 ferens
356 1885 513 1965 Misgoias,
531 1907 591 1948 una
612 1905 680 1947 cum
700 1886 828 1946 Phudro
849 1903 917 1945 eum
939 1885 1073 1966 inquirit:
1094 1886 1231 1965 factoque

127 1975 250 2049 indicio,¹
263 1977 491 2056 deprehendunt
503 1980 534 2037 in
546 1979 662 2039 adicus
680 1996 750 2038 cum
764 1977 931 2056 hospitibus
946 1977 1122 2057 quibusdam
1140 1997 1229 2058 prau-

129 2068 260 2153 dentem.
295 2059 486 2130 Interminato
498 2081 597 2131 autam
611 2068 742 2151 Misgoia
755 2083 785 2130 et
798 2069 926 2130 Phaedro
939 2069 1115 2150 hospitibus,
1131 2080 1162 2130 et
1179 2069 1229 2150 ju·

127 2163 231 2235 beata
245 2161 343 2222 stetini
357 2181 408 2222 eos
426 2157 577 2221 ambulare
595 2163 626 2221 in
647 2181 808 2234 carcerum,
822 2161 901 2240 quod
914 2161 1133 2221 adolescentem
1146 2161 1229 2241 inge-

125 2272 222 2314 nuum
236 2254 451 2332 corrupissent:
472 2254 604 2333 hospites
622 2253 777 2336 perterriti,
794 2254 896 2332 iugem
912 2253 1106 2332 arripuerunt,
1119 2253 1228 2314 relictis

128 2343 236 2424 epuiis.
249 2377 253 2384 ·
270 2345 345 2404 Hoc
357 2363 425 2404 vere
438 2364 457 2404 a
469 2363 518 2404 me
530 2344 601 2418 dici,
615 2353 724 2405 norunt
736 2363 849 2420 ornnes,
863 2345 914 2422 qui
926 2343 961 2404 iis
974 2342 1154 2423 temporibus
1169 2343 1228 2404 bii·
1281 2349 1283 2356 '

125 2437 246 2516 sgoiam
259 2445 290 2495 et
302 2436 492 2496 Timarchum
506 2447 668 2497 noverunt:
688 2437 768 2496 unde
782 2436 898 2515 gaudeo
913 2435 983 2495 mihi
996 2453 1059 2496 rem
1074 2453 1143 2496 esse
1158 2453 1227 2496 cum

123 2529 249 2589 homine
263 2527 343 2586 vobis
355 2546 416 2586 non
429 2528 542 2604 ignoto,
560 2545 657 2604 neque
669 2546 706 2586 ex
719 2529 778 2588 alia
791 2547 823 2587 re
836 2527 898 2587 ulia
911 2535 992 2600 noto,
1004 2527 1062 2588 nisi
1076 2545 1112 2586 ex
1125 2545 1162 2586 eo
1173 2526 1228 2588 fla-

124 2621 212 2703 gitio,
219 2620 321 2697 dequo
330 2617 549 2697 pronunciaturi
560 2618 642 2678 estis.
663 2617 1227 2696 Namignotaaresaccusatoriiortassis

124 2712 282 2795 perspicue
302 2718 373 2769 sunt
392 2706 647 2769 demonstrandae:
668 2708 699 2768 in
721 2709 865 2768 confessis
890 2717 987 2768 autem
1011 2708 1147 2786 equidem
1166 2727 1228 2768 non

125 2802 230 2882 magni
239 2801 336 2881 operis
348 2819 415 2861 esse
424 2809 497 2880 puto
508 2817 659 2860 accusare.
680 2799 760 2859 Nam
768 2797 928 2859 excitanda
937 2799 1081 2858 duntaxat
1090 2807 1136 2858 est
1144 2798 1228 2858 audi·

125 2907 226 2956 torum
239 2892 388 2952 memoria.
409 2891 471 2953 Sed
480 2901 578 2952 umen
588 2909 736 2970 ego,.cum
749 2891 787 2952 de
800 2909 832 2950 re
842 2899 969 2961 constat,
981 2889 1099 2968 quando
1108 2890 1138 2947 iu
1152 2907 1227 2968 prte-

126 2988 205 3047 torio
218 2975 330 3055 sumus,
343 2983 542 3042 testimonium
556 2982 694 3061 Misgoiat
706 2982 817 3062 scripto
829 2981 1023 3042 denunciari:
1036 2996 1138 3038 rerum
1151 2979 1228 3060 illud

126 3078 258 3160 quidem,
277 3095 338 3135 non
360 3075 600 3160 tamenoinoivrie,
620 3083 655 3133 ut
674 3074 743 3133 mihi
764 3073 940 3153 persuadeo.
972 3071 1049 3130 Nam
1066 3071 1160 3150 ipsius
1174 3072 1226 3142 rei,

126 3189 219 3253 quam
231 3186 300 3229 cum
308 3167 364 3226 isto
374 3165 509 3245 pauarit,
518 3185 625 3224 nomen
634 3185 695 3223 nou
702 3166 840 3235 inscribo,
851 3181 947 3242 nsque
958 3163 1061 3242 scripsi
1068 3163 1227 3241 quicquum

101 3291 111 3306 =
127 3263 222 3334 aliud,
235 3262 274 3321 ob
286 3258 366 3339 quod
379 3256 591 3336 ptenalegibus
601 3273 671 3316 vera
683 3274 743 3314 non
753 3253 911 3314 testificato
920 3247 1077 3332 infligi'tu'r:
1096 3255 1151 3314 sed
1158 3273 1227 3334 quas

127 3365 160 3416 et
172 3353 255 3414 vobis
269 3348 409 3410 audimris
422 3358 502 3422 nota,
515 3357 548 3408 et
558 3347 729 3408 testificanti
741 3355 808 3406 tuta
820 3355 898 3418 sunt,
912 3365 950 3406 ea
963 3346 1079 3425 scripsi.
1097 3347 1226 3413 Quodsi

125 3446 210 3508 roiet
219 3441 365 3521 Misgolas
378 3440 438 3500 buc
447 3457 624 3519 progressus
631 3457 731 3498 rerum
744 3437 904 3507 testificari,
915 3447 995 3498 recte
1006 3436 1113 3498 iaciat:
1134 3439 1178 3498 siu
1192 3457 1225 3500 se

126 3533 267 3600 citatione
280 3533 371 3612 adigi,
381 3550 469 3611 qaam
481 3547 583 3591 rerum
596 3529 725 3609 profiteri
737 3528 881 3600 maluerit,
892 3537 957 3588 tuta
965 3547 1012 3589 res
1022 3528 1053 3587 in
1062 3541 1242 3608 conspectar-

125 3631 212 3691 robis
224 3628 288 3688 erit.
324 3625 403 3686 Nam
423 3624 449 3683 si
468 3623 493 3682 is
510 3622 562 3700 qui
580 3622 717 3700 patrarit,
728 3619 984 3691 verecundabitur,
1001 3627 1036 3678 'et
1057 3618 1225 3700 reipublicae

126 3719 208 3782 rniiie
220 3717 375 3779 muman
388 3713 521 3795 pendere
534 3713 677 3783 maluerit,
691 3731 780 3791 qnam
797 3721 895 3772 vestra
907 3729 960 3770 ora
972 3710 1095 3770 inarari:
1115 3711 1141 3772 is
1153 3729 1225 3773 reso

126 3815 178 3893 qui
190 3828 295 3891 passus
308 3817 365 3880 est,
378 3803 615 3868 concionabitur:
636 3805 782 3883 sapienter
794 3803 866 3864 iecit
878 3800 1036 3882 legislator,
1052 3803 1102 3880 qui
1115 3801 1190 3863 tales
1205 3821 1224 3864 a

127 3911 273 3985 suggestu
285 3897 447 3981 repulerit·
463 3897 517 3957 Sin
530 3913 596 3956 sese
608 3895 724 3968 stiterit,
737 3905 878 3955 ettamen
891 3893 930 3954 ad
943 3911 1005 3954 rem
1025 3892 1155 3954 omnium
1168 3894 1223 3954 ina·
1243 3955 1248 3968 ,

126 3993 369 4078 pudentissimum
391 3987 576 4059 converterit.
597 3985 636 4048 ad
648 3987 820 4063 mumdum
837 3986 998 4059 veritatam,
1012 3995 1046 4045 ut
1058 3984 1109 4063 qui
1123 3995 1155 4046 et
1172 3985 1224 4046 Ti·

127 4085 247 4148 marcho
260 4083 381 4164 gratim
390 4081 507 4154 referat,
520 4089 553 4140 et
564 4079 645 4160 apud
658 4079 732 4140 aiios
744 4086 876 4138 osunut
887 4095 975 4156 quam
989 4075 1109 4136 solerter
1120 4076 1223 4158 hujus·

94 4207 101 4228 ·
128 4179 209 4239 modi
224 4177 357 4238 facinora
369 4183 526 4253 contegere
539 4174 653 4253 possit:
672 4173 798 4251 primum
810 4170 937 4251 perjurio
949 4189 1021 4250 erga
1034 4171 1223 4250 semetipsum

127 4271 290 4350 delinquet,
303 4269 410 4329 deinde
423 4265 495 4326 nihii
507 4266 544 4326 aa
552 4285 583 4326 re
596 4264 737 4346 proficiet
768 4263 846 4324 Nam
859 4260 939 4322 aliud
952 4279 1009 4341 ego
1022 4259 1131 4322 dictari
1141 4265 1224 4324 testi·

127 4361 269 4434 monium,
282 4361 318 4420 iis
336 4359 386 4440 qui
406 4358 503 4420 sciunt
521 4357 708 4418 'liruarcbum
727 4353 835 4416 relictis
854 4351 985 4434 paternis
1008 4352 1122 4414 sudibus
1143 4353 1223 4434 apud

128 4451 290 4532 iiisgoiam
303 4451 463 4519 imitaris.
484 4449 533 4510 Ao
545 4447 632 4510 rideo
645 4446 789 4528 proiecto,
800 4463 898 4527 ,quarn
910 4445 1031 4508 wuaru
1043 4463 1104 4506 rem
1118 4463 1222 4526 aggre-
