2967 5017
248 336 310 401 rsa
549 320 765 400 anvaasus
788 334 1043 400 autumnans.

246 514 326 567 num,
341 504 373 554 ut
397 512 476 555 nunc
495 492 536 552 ait
559 493 729 567 Eubulides,
747 494 793 553 rel
813 494 999 575 magistratus
1012 514 1122 575 gerere,
1140 494 1187 554 vel
1199 493 1340 554 sacerdo·

244 588 319 647 tium
333 585 439 659 sortiri,
462 604 561 645 secum
575 584 721 647 delectum
735 586 958 649 sivisset-nam
976 598 1007 648 et
1021 589 1084 667 ipse
1097 587 1153 646 fuit
1175 608 1192 646 e
1212 587 1340 647 sortien-

245 680 323 741 tibus
341 690 371 739 et
393 678 565 750 delectis—,
587 699 682 758 neque
704 678 801 752 etiarn,
823 701 890 739 cum
914 692 998 741 vetus
1021 681 1047 739 ei
1069 698 1184 739 mecum
1204 679 1339 738 simultas

244 770 444 845 intercederet,
458 771 488 829 in
504 770 561 831 boc
576 790 669 849 usque
682 781 796 851 ternpus
809 771 979 844 distulisset,
993 772 1074 851 qaod
1094 791 1132 831 an
1150 790 1280 849 unquam
1292 773 1342 830 fu-

246 874 444 935 tardauerat,
467 882 552 923 nemo
568 864 722 942 praeacirit,
736 864 845 942 siquid
864 864 903 923 de
914 884 961 923 me
975 866 1035 925 tale
1052 874 1232 943 compertum
1245 864 1342 922 habu·

245 956 324 1017 isaet.
367 954 425 1015 Sed
439 975 498 1015 non
512 966 691 1034 compertum
705 954 816 1015 habuit.
858 956 1040 1034 Quapropter
1051 974 1103 1033 per
1115 965 1231 1034 tempus
1250 974 1340 1015 omne

245 1050 400 1129 reliquum,
414 1068 480 1109 curn
503 1058 534 1108 et
553 1048 740 1127 municipium
764 1058 795 1107 et
817 1048 997 1109 sortitionem
1019 1066 1132 1106 raecum
1154 1064 1341 1106 communem

246 1144 375 1215 baberet,
398 1140 469 1201 nibil
484 1141 587 1201 horum
599 1140 767 1220 perspexit:
788 1153 944 1219 postquam
963 1149 1061 1199 autem
1080 1139 1182 1199 civitas
1204 1138 1341 1199 univerae

246 1236 276 1297 iu
297 1234 415 1315 eosqui
437 1254 470 1294 se
488 1232 653 1313 petulanter
672 1234 703 1291 in
723 1233 879 1312 municipia
901 1235 1092 1311 ingesserant,
1105 1230 1245 1291 iracunde
1264 1248 1338 1290 con-

246 1330 337 1391 citata
349 1326 415 1400 fuir,
429 1338 492 1387 tum
504 1326 625 1386 iusidias
640 1325 709 1384 milri
719 1326 908 1403 compararit.
949 1325 1064 1386 Fuisset
1075 1336 1174 1383 autem
1188 1323 1260 1382 illud
1272 1325 1339 1402 qui-

246 1422 314 1483 dem
327 1430 443 1500 tempus
458 1419 583 1479 bominis
602 1417 724 1478 veritate
736 1416 820 1476 freti:
842 1416 899 1477 boc
921 1427 1029 1489 autem,
1042 1416 1121 1494 quod
1143 1434 1222 1474 nunc
1241 1415 1339 1489 adest,

245 1511 354 1573 inimici
366 1520 422 1585 est,
437 1511 486 1589 qui
502 1510 539 1569 de
554 1508 700 1569 industria
713 1508 917 1568 calumnietur.
960 1508 1025 1586 Ego
1039 1519 1148 1578 autem,
1162 1507 1339 1579 ludices,-

244 1624 340 1685 neque
353 1622 404 1683 per
416 1601 488 1662 deos
503 1621 553 1662 oro
565 1601 719 1681 quisquam
733 1600 804 1661 mihi
818 1601 963 1674 obturbet,
976 1620 1074 1679 neque
1093 1601 1124 1659 id
1143 1598 1224 1679 quod
1242 1600 1339 1660 dictu-

245 1717 294 1757 rus
319 1715 383 1757 eum
407 1713 487 1773 agre
509 1695 634 1767 ierat—,
653 1713 699 1753 me
722 1694 930 1754 Atheniensem
952 1713 1018 1753 esse
1041 1693 1130 1764 duco,
1153 1702 1187 1753 ut
1210 1702 1339 1753 vestrum

246 1789 367 1869 quilibet
380 1807 456 1860 sese,
469 1796 499 1847 et
519 1806 584 1847 cam
599 1806 661 1847 esse
678 1786 749 1847 mihi
766 1797 889 1847 matrem
903 1788 947 1847 'ab
967 1786 1051 1846 initio
1064 1799 1146 1865 puto,
1160 1805 1246 1864 quam
1260 1784 1340 1864 apud

246 1901 300 1943 ros
315 1881 451 1951 oaoendo,
463 1900 558 1957 neque
574 1879 690 1940 alterius
705 1900 779 1950 sum,
788 1880 865 1939 hanc
875 1889 973 1939 autem
986 1879 1057 1938 mihi
1067 1879 1199 1939 vendico.
1220 1878 1340 1938 Patrem

245 1995 345 2036 rursus
360 1974 463 2035 eodem
478 1972 575 2032 modo.
617 1973 657 2029 At
671 1972 695 2029 si
709 1972 759 2047 qui
772 1990 882 2040 eorum,
901 1972 932 2029 in
945 1990 1019 2048 quos
1033 1970 1192 2049 inquiritur,
1205 1992 1273 2030 cum
1286 1990 1338 2031 eos

176 2114 182 2127 .
246 2086 369 2147 quorum
392 2076 462 2123 sunt
485 2064 644 2134 occultant,
666 2082 767 2121 eorum
790 2082 860 2122 vero
877 2082 942 2122 esse
962 2065 1028 2122 s'ese
1045 2084 1168 2142 quorum
1186 2084 1246 2125 non
1267 2076 1339 2127 sunt

244 2159 392 2233 simulant,
406 2175 442 2215 eo
463 2156 529 2232 ipso
547 2164 720 2232 argumento
734 2173 793 2213 non
813 2154 920 2233 injuria
940 2156 1083 2234 peregrini
1097 2156 1176 2235 apud
1190 2178 1242 2216 vos
1259 2158 1339 2236 judi-

246 2261 366 2313 cantur:
388 2247 424 2309 de
436 2266 485 2307 ¹rna
499 2247 675 2307 contrarium
694 2248 794 2326 utique
814 2248 998 2307 sentiendum
1018 2249 1081 2320 erit,
1095 2250 1187 2307 civem
1200 2268 1267 2310 esse
1281 2270 1337 2310 rne.

245 2344 350 2422 Neque
373 2340 450 2401 enim
470 2340 653 2419 peregrinum
676 2350 705 2398 et
724 2340 904 2419 peregrinam
918 2351 1054 2419 parentes
1067 2359 1133 2400 esee
1145 2358 1229 2401 meos
1249 2344 1340 2419 proli-

244 2434 345 2507 tendo,
359 2430 415 2492 lrui
440 2430 557 2491 civitate
580 2431 789 2491 instituissem:
810 2431 862 2491 sed
885 2431 911 2489 si
934 2431 1006 2510 quid
1026 2432 1086 2493 tale
1108 2431 1178 2504 mibi
1198 2435 1338 2495 conscius

245 2544 352 2598 assem,
374 2524 586 2603 quaeritassem,
600 2543 722 2602 quorum
746 2542 793 2582 mc
812 2523 903 2584 filium
917 2544 981 2583 esse
1004 2523 1140 2584 dicerem.
1183 2522 1243 2583 Sed
1265 2526 1336 2586 nibil

245 2637 325 2679 eram
337 2616 485 2677 conscius.
526 2617 710 2697 Quapropter
723 2636 775 2677 eos
794 2624 937 2699 parentes,
950 2616 1000 2696 qui
1014 2628 1092 2690 sunt,
1104 2625 1139 2676 ut
1150 2634 1267 2696 oequum
1280 2628 1338 2694 est,

244 2710 383 2784 retinens,
393 2710 465 2770 ciris
478 2728 544 2770 esse
558 2710 673 2771 studeo.

287 2808 334 2864 14.
355 2805 423 2865 Jam
436 2801 491 2863 etsi
505 2801 634 2883 pupillus
647 2802 766 2863 relictus
778 2800 860 2876 sum,
874 2813 971 2863 maren
992 2802 1157 2863 medicant
1170 2821 1236 2861 esse
1254 2800 1338 2861 loca·

246 2898 367 2979 pletem,
382 2908 413 2958 et
434 2898 550 2958 testium
567 2897 710 2976 quosdam
724 2908 841 2976 propter
854 2896 1052 2956 emolumenta
1070 2916 1102 2957 se
1116 2895 1185 2954 mibi
1197 2906 1339 2975 cognatos

245 3010 310 3052 esse
331 2990 438 3051 dicere.
480 2989 524 3049 lta
547 2989 631 3071 simul
654 2999 684 3049 et
701 2990 807 3067 probra
824 2988 1004 3066 paupertatis
1026 2998 1055 3046 et
1076 2988 1194 3066 generis
1208 2988 1337 3048 obscuri-

243 3092 336 3143 tatem
350 3082 508 3161 objiciunt:
531 3079 616 3143 simul
639 3088 758 3157 propter
773 3077 887 3137 divitias
902 3079 1000 3139 omnia
1018 3080 1137 3139 mercari
1160 3100 1208 3139 me
1226 3080 1336 3140 dicunt

244 3172 372 3233 Proinde
391 3184 457 3231 utra
477 3173 582 3232 horum
603 3170 645 3229 eis
668 3170 815 3231 credenda
826 3170 916 3230 auntl
938 3172 1081 3232 Licuisset
1096 3173 1229 3231 nimirum
1242 3174 1296 3243 eis,
1312 3174 1337 3233 si

243 3263 410 3343 peregrinus
434 3271 485 3321 aut
506 3261 613 3321 nothus
636 3280 692 3339 ego
711 3280 816 3336 essem,
830 3263 959 3323 omnium
972 3282 1103 3323 mearum
1123 3283 1212 3345 opum
1233 3284 1337 3343 capere

242 3352 443 3415 hereditatem.
486 3352 569 3413 ltane
590 3353 620 3412 hi
644 3354 772 3433 paucula
794 3356 936 3435 accipere,
956 3365 986 3416 et
1008 3356 1074 3417 falsi
1092 3356 1249 3417 testimnii
1263 3358 1336 3417 acti-

243 3461 330 3508 onem
344 3457 375 3507 et
391 3446 552 3527 periculum
574 3458 753 3527 exspectare,
769 3460 798 3508 et
817 3452 956 3529 pejerare,
980 3448 1104 3523 malunt,
1128 3468 1216 3530 quam
1237 3458 1335 3509 tenere

244 3538 351 3611 omnia,
364 3557 458 3619 eaque
477 3557 591 3608 secure,
606 3559 702 3617 neque
723 3540 792 3601 ullis
807 3560 838 3602 sc
853 3541 921 3602 diris
943 3552 974 3601 et
997 3540 1198 3602 devotionibus
1212 3540 1336 3603 obstrin-

244 3628 335 3711 gere?
360 3632 428 3691 Non
442 3632 484 3692 ita
495 3650 541 3691 res
554 3631 642 3693 habet
655 3632 799 3693 nimirum.
829 3633 888 3694 Sed
902 3635 1022 3714 cognati
1036 3654 1104 3695 cum
1117 3634 1184 3707 siat,
1198 3636 1249 3695 nni
1268 3656 1337 3699 suo-

241 3744 317 3799 rum,
329 3735 365 3785 ut
379 3734 490 3785 rectum
504 3732 559 3795 est,
575 3723 762 3803 opitulantur.
799 3726 902 3806 Neque
912 3728 977 3787 berc
991 3748 1070 3788 nunc
1083 3736 1197 3788 tantum
1209 3729 1335 3810 impulsu

242 3836 309 3877 meo
319 3817 441 3887 faciunt,
455 3816 507 3875 sed
519 3816 588 3875 dum
599 3818 737 3895 puerulus
751 3818 908 3878 etiamnum
921 3820 973 3892 sul,
983 3838 1031 3878 me
1045 3820 1142 3879 statim
1157 3819 1196 3879 ad
1209 3820 1336 3883 curiales

242 3910 399 3981 duxerunt,
419 3908 449 3967 in
466 3907 561 3967 adem
575 3908 720 3988 Apollinis
740 3910 827 3988 patrii
841 3910 997 3981 duxerunt,
1010 3912 1041 3969 in
1054 3911 1166 3990 reliqua
1178 3912 1249 3972 item
1262 3925 1335 3994 temf

242 4000 319 4079 pla.¹
343 4000 447 4080 Neque
464 4012 543 4063 vero'
554 4020 609 4080 ego
633 3999 702 4059 dum
719 4021 794 4080 puer
811 4002 921 4087 fui-eis
935 4004 1076 4082 persuasi,
1091 4014 1123 4065 nt
1142 4004 1194 4065 illa
1206 4005 1336 4068 facerent

215 4142 218 4149 .
242 4091 364 4165 scilicet,
375 4103 498 4172 argento
507 4091 592 4153 dato.
620 4092 722 4152 Sedet
734 4104 818 4173 pater
830 4094 994 4167 dnmrixit,
1007 4094 1136 4174 legitimo
1146 4097 1335 4177 jurejurando

242 4180 313 4242 dato
334 4185 501 4259 curialibus,
515 4204 562 4245 me
584 4184 676 4246 civem
697 4185 868 4258 introduxit,
890 4205 958 4246 cum
978 4206 1014 4247 ex
1031 4188 1093 4248 cive
1115 4188 1262 4270 desponsa
1282 4192 1336 4253 sibi

242 4283 344 4334 natum
365 4277 460 4337 sdret.
503 4278 541 4337 Et
561 4278 627 4339 baec
642 4288 733 4339 testes
747 4278 936 4339 affirmarunt
977 4279 1088 4341 Postea
1100 4302 1157 4362 ego
1171 4303 1236 4369 sum
1249 4304 1335 4365 pere·

240 4366 362 4445 grimal
378 4369 439 4427 ,Ubi
452 4370 592 4431 tributum
611 4370 817 4451 inquilinorum
830 4370 968 4451 pependi,
981 4372 1122 4435 catullus
1136 4395 1266 4438 meorum
1280 4400 1336 4439 un·

241 4460 350 4539 quaml
371 4460 496 4530 Quando
511 4462 549 4524 ad
562 4462 635 4525 alios
649 4464 810 4544 municipes
824 4464 993 4540 accersiat
1011 4486 1102 4546 quum
1120 4468 1172 4545 eis,
1182 4478 1216 4531 ut
1230 4490 1277 4533 me
1289 4491 1335 4534 re·
