2967 5017
444 325 640 390 HORIIIA
660 326 924 392 GONGIUNUM.
1171 326 1229 384 ael

142 476 447 554 prehendendum
466 487 537 543 sant
553 482 627 544 cibis
647 486 722 564 quos
744 485 851 547 medici
873 481 991 564 egrotis
1011 481 1100 543 dant:
1122 479 1178 560 'qui
1196 489 1233 538 u

140 583 201 630 nee
217 569 295 631 vires
307 583 418 652 sugent
428 593 484 636 nec
497 575 586 636 emori
598 576 708 651 sinant,
720 577 764 640 sic
787 587 818 638 et
834 575 900 638 heo
920 595 976 636 nec
995 575 1150 654 desperare
1171 589 1233 632 ruse

141 662 252 742 iureque
264 664 412 746 qnippitss
422 665 575 728 instituere
585 667 697 742 dsunt,
709 679 765 732 net
778 670 851 732 ratis
863 670 928 753 ipss
940 682 1006 730 esee
1019 675 1154 764 possent
1195 685 1197 692 ·

141 782 146 810 ¹
652 783 718 885 m.
1138 889 1141 896 ,

185 933 225 995 Et
237 943 364 1016 coquum
383 939 593 1014 Athenienses,
606 951 638 1002 et
658 941 814 1002 honesturn
835 943 866 1002 el
885 941 1059 1022 preclarum
1077 946 1133 1013 est,
1153 939 1234 1020 quod

143 1027 306 1090 resiscere
323 1030 433 1104 soletis,
450 1033 515 1112 ejss
538 1033 623 1094 nobis
645 1034 733 1095 etism
754 1053 820 1095 sess
842 1033 982 1106 studium,
994 1031 1101 1092 diriuee
1122 1051 1169 1094 res
1191 1031 1234 1096 uti

140 1118 192 1198 ΝΘ
204 1129 241 1180 ⁸⁰
254 1121 389 1201 religiose
407 1129 554 1186 curentur.
594 1126 640 1186 Ac
650 1136 753 1188 nosue
766 1126 883 1206 quidem
897 1124 1007 1186 cundo
1025 1123 1110 1184 robis
1128 1143 1234 1205 oppor-

144 1219 215 1274 tene'
227 1213 453 1287 cecidit—*nam
470 1227 500 1278 et
517 1218 586 1278 Jori
599 1218 747 1278 Serrstori
769 1215 992 1278 sacrificavimus
1006 1225 1037 1276 st
1050 1214 1191 1278 Minerva
1205 1227 1236 1278 et

142 1303 294 1379 Victoria,
306 1323 400 1386 eaque
412 1327 495 1368 snm
508 1318 539 1367 et
550 1307 654 1387 potue
664 1314 698 1369 e't
708 1309 848 1369 selemia
860 1308 941 1368 robis
964 1308 1140 1368 exstiterunt
1152 1329 1160 1368 ε
1186 1311 1235 1370 sa'·

139 1396 336 1458 eridcsrimns
347 1399 419 1459 item
431 1399 567 1460 Suadela
588 1410 620 1461 ct
640 1401 732 1462 Matri
749 1402 869 1463 deorutn
882 1411 913 1462 et
932 1399 1073 1481 Apollini,
1086 1401 1191 1479 quibus
1204 1413 1236 1462 st

141 1487 218 1566 ipsis
237 1489 444 1552 liastmona-t
463 1493 583 1554 iuuant
603 1504 700 1556 autern
720 1495 804 1556 robis
825 1494 913 1556 etiarn
932 1491 1051 1574 reliquie
1069 1495 1142 1554 divis
1155 1493 1234 1556 lecte

140 1597 231 1641 sacra
243 1591 274 1641 et
285 1592 352 1642 tute
362 1592 394 1643 et
409 1594 489 1644 certa
505 1597 538 1645 et
552 1587 693 1665 prteclere
708 1596 743 1646 ct
762 1585 910 1646 sniumria.
951 1585 1084 1666 Accipite
1106 1587 1192 1665 igitur
1215 1598 1234 1645 e

139 1670 201 1732 diis
214 1673 609 1754 eabennqwlsrgiuntur.
1329 1685 1332 1691 '

646 1829 726 1891 LIII.

184 1941 254 2002 Fsit
264 1942 425 2021 quoddam,
438 1951 473 2002 ut
490 1943 626 2024 conjicio,
639 1954 756 2024 tempus
778 1942 858 2024 apud
879 1963 943 2017 ros,
956 1943 1164 2020 Athenienses,
1175 1965 1235 2025 que
1354 1945 1356 1949 ’

142 2033 273 2113 popolus
294 2034 441 2114 adigebat,
464 2054 669 2114 quemcunque
694 2035 815 2097 vidisset
838 2035 986 2096 homiuem
999 2018 1178 2098 'modestum
1201 2049 1235 2100 et

143 2127 264 2199 δοιιιιιιι,
285 2125 326 2188 sd
349 2125 570 2206 Rernptrbliesnr
593 2127 853 2189 administrandam
878 2129 1116 2210 seiungendum
1142 2131 1236 2211 megi·

142 2228 248 2291 strutu⁹
260 2237 322 2279 uon
333 2238 435 2280 eornm
448 2220 498 2300 qui
511 2219 542 2280 id
554 2219 651 2281 iecere
669 2221 780 2282 relleut
796 2223 1026 2302 penuria-narn
1046 2242 1114 2283 cum
1126 2223 1156 2283 in
1171 2225 1234 2286 ellit

142 2312 231 2370 selues
242 2310 379 2372 omnibns
390 2323 522 2388 qestrsm
534 2315 636 2374 arhen
648 2315 826 2381 fortunatam
835 2313 975 2394 jndicem,
989 2314 1105 2374 enicem
1117 2315 1195 2376 haue
1208 2315 1236 2376 si

143 2400 312 2464 felicitatem
331 2422 446 2483 semper
459 2403 589 2465 defuisse
601 2414 685 2485 puto,
698 2417 732 2464 ut
744 2405 780 2465 iis
801 2404 972 2467 deficeretur
985 2405 1036 2486 qui
1050 2406 1166 2486 Repnb.
1180 2407 1236 2469 lini

144 2495 303 2567 sellent-,
325 2494 380 2554 sed
396 2505 458 2556 erat
475 2496 505 2554 id
530 2497 680 2557 inventurn
705 2496 806 2577 populi
825 2496 1007 2576 preclarum,
1029 2497 1236 2571 Athenienses,

143 2585 272 2664 utileque
285 2585 476 2666 Reipublicae.
518 2587 594 2646 Nam
614 2598 646 2647 et
665 2587 696 2646 hi
718 2587 807 2647 veluti
823 2589 941 2667 jugules
962 2609 979 2649 e
999 2590 1084 2649 bonis
1102 2599 1132 2650 et
1147 2591 1236 2670 justis

142 2679 213 2740 viris
225 2678 357 2757 adjuncti
370 2679 482 2738 ceteris
495 2697 548 2739 eos
560 2679 784 2740 verecundiores
798 2680 978 2752 efficiebant3
999 2692 1029 2740 et
1041 2681 1093 2741 siri
1108 2703 1124 2742 e
1138 2695 1234 2744 vestro

142 2779 264 2832 numero
274 2770 347 2831 boni
358 2769 477 2849 quidem
490 2769 533 2832 illi
548 2775 685 2849 justeque
706 2773 880 2850 magistratu
900 2773 1066 2852 iungentes,
1080 2771 1134 2833 sed
1147 2775 1235 2836 iidem

142 2884 200 2926 nec
211 2863 396 2944 impudenter
408 2864 539 2944 ingerere
552 2885 617 2926 sese
630 2884 685 2924 nec
701 2865 811 2926 ambire
822 2864 960 2946 suffragia
971 2866 1077 2940 edocti,
1091 2867 1128 2926 ab
1141 2867 1233 2930 hono·

142 2957 222 3017 rrirus
245 2976 305 3017 non
321 2957 549 3037 repellebantur.
590 2956 679 3016 Nunc
702 2975 820 3036 prorsus
840 2957 946 3019 eodem
964 2958 1125 3038 modoquo
1138 2978 1235 3022 sacer-

143 3048 229 3110 dotes
248 3049 364 3123 creatie,
378 3048 583 3122 Athenienses,
602 3048 645 3108 sio
668 3047 857 3129 magistratus
878 3051 976 3111 etiem.
1018 3050 1057 3111 Et
1082 3051 1234 3127 mIrennini‚

142 3141 232 3201 istum
241 3139 324 3201 robis
336 3159 402 3201 esse
415 3143 533 3202 beatum
542 3141 689 3221 istumque
699 3139 881 3202 continenter
889 3140 972 3202 vobis
983 3142 1125 3222 surripere
1134 3141 1236 3218 multa,

142 3233 274 3314 aliosque
285 3245 415 3295 restrum
427 3235 614 3296 obambulare
632 3233 801 3294 felicitster'u
815 3254 917 3296 eorum
929 3236 1132 3315 predicantes.
1157 3235 1235 3298 Nem
1285 3281 1287 3287 ι

141 3326 174 3387 in
187 3345 224 3386 eo
245 3326 384 3406 peculiari
406 3329 477 3388 estis
495 3326 747 3406 ingenuaeque
760 3337 865 3388 vestroe
878 3329 1078 3409 praerogative
1091 3337 1171 3404 sunt,
1184 3349 1236 3392 sss
1308 3345 1309 3348 ’
1434 3393 1438 3400 ,

141 3418 266 3481 libenter
287 3420 441 3499 abjiciatis,
455 3419 551 3500 deque
572 3419 630 3481 illis
650 3419 751 3481 ieratis
773 3421 863 3500 leges,
886 3431 920 3482 ut
941 3421 967 3482 si
990 3423 1055 3500 quis
1077 3424 1234 3503 prefectus

141 3511 223 3572 urbis
241 3511 332 3574 inerit
341 3513 399 3586 bis,
412 3523 443 3572 et
455 3532 521 3592 quse
534 3523 604 3573 sunt
614 3513 678 3592 ejus
692 3511 806 3593 generis
820 3513 894 3574 elis:
916 3523 948 3575 at
960 3514 1080 3575 eosdem
1099 3535 1166 3576 cunr
1179 3515 1234 3576 im-
1328 3510 1331 3515 ’

141 3603 224 3684 perio
236 3623 301 3666 esse
321 3614 465 3686 perpetuo
479 3605 590 3665 sinatis.
631 3604 771 3684 Aequod
794 3606 833 3666 ed
856 3625 909 3666 eos
929 3605 1049 3686 quidem
1065 3604 1170 3667 attinet
1183 3608 1233 3686 qui

141 3707 295 3759 versantur
306 3699 337 3758 iu
350 3699 437 3758 rebus
449 3695 585 3778 gerendis
598 3697 819 3759 excusatIonem
831 3696 964 3758 iuuenis
976 3697 1085 3758 hebete
1106 3707 1138 3758 st
1160 3698 1234 3759 tole-

70 3844 73 3850 .
140 3809 209 3870 rare,
218 3799 341 3852 eeteros
353 3789 412 3870 qui,
426 3809 494 3851 cum
505 3789 603 3851 Iocum
617 3788 775 3851 immunem
786 3796 942 3870 occupent,
955 3788 1010 3869 ipsi
1022 3795 1140 3870 prorsus
1153 3789 1235 3851 nulle

141 3902 173 3950 se
182 3891 375 3963 occupantur,
383 3882 413 3942 id
426 3894 565 3944 extremes
576 3881 707 3943 stultitie
721 3893 775 3944 est.
813 3882 890 3950 Quin
902 3892 962 3943 ete
973 3881 1056 3943 robis
1069 3882 1148 3962 ipsis,
1162 3883 1233 3945 estis

141 3984 241 4036 autem
253 3974 334 4036 haud
346 3977 444 4055 pauci,
457 3973 547 4056 aliqui
560 3983 631 4035 sunt
644 3973 820 4036 adducendi.
862 3973 941 4035 Nem
954 3975 977 4035 si
989 3985 1130 4054 tanquam
1144 3983 1234 4035 state·

140 4089 204 4158 rann
224 4071 431 4152 appenderitis,
444 4069 677 4152 praeponderabit
695 4070 757 4152 ipse
780 4069 831 4151 qui
846 4071 901 4131 erit
914 4069 1020 4150 diguus
1041 4069 1071 4130 iu
1084 4081 1232 4151 posterum

141 4162 326 4244 magistratu.

643 4314 726 4376 LIV.

182 4435 224 4497 lit
239 4434 396 4502 honestum
408 4445 440 4498 et
452 4435 592 4499 decorum
604 4452 670 4496 esse
691 4431 763 4494 mihi
776 4431 901 4506 videtur,
915 4431 1120 4510 Athenienses,
1131 4443 1166 4492 ut
1182 4431 1233 4513 qui
