2967 5017
249 299 308 360 602
576 297 798 360 ADVERSUS
818 297 1017 358 suumin.

249 450 328 512 mille
351 450 504 512 drachmas
526 451 716 531 oppignerata
739 463 817 516 suut.
858 452 987 514 Proinde
1001 456 1068 528 jure
1092 452 1123 510 iu
1146 447 1343 529 quadraginta

249 543 332 604 minis
347 543 509 604 estimabat
521 562 568 614 ee,
581 564 647 623 qum
662 544 793 605 Leocrati
811 556 989 617 numerarat,
1006 561 1131 622 qumque
1152 542 1250 602 dntnm
1271 539 1341 600 mihi

248 653 390 695 summam
405 639 590 716 superabant.
633 639 676 696 Ae
690 636 760 696 mihi
772 657 844 718 cepe
864 639 989 718 primum
1007 635 1229 714 descriptionem
1249 633 1340 703 hene,

250 737 281 787 et
292 728 335 787 eis
348 747 428 788 nnuc
442 729 541 800 recita,
555 729 693 807 quidnam
708 741 828 809 uterque
842 740 970 790 nostrum
988 729 1111 789 hebent:
1133 726 1250 798 deinde,
1263 725 1342 786 erbi-

249 831 357 880 trorum
370 822 578 893 testimouium,
593 835 625 884 ut
638 825 742 897 scient,
752 845 820 884 eum
831 824 984 905 pecuniam
999 825 1087 883 etiem
1100 821 1188 900 longe
1201 820 1340 899 majorem

128 981 131 986 ¹
248 913 366 986 hebere,
377 914 473 993 deque
483 917 693 978 esLeocretem
707 919 850 978 actionem
863 916 1033 988 instituisse,
1043 924 1075 974 et
1086 914 1210 975 arbitros
1220 914 1252 973 in
1260 913 1341 974 hene

250 999 657 1087 sententiam'pronunciasse.
700 1010 815 1070 Recita.

496 1228 754 1289 DESCRIPTIO.
795 1225 1096 1285 TESTIMONIUM.

249 1370 299 1428 An
312 1388 372 1427 non
386 1368 442 1428 iste
458 1368 554 1448 palam
567 1368 656 1430 habet
668 1367 863 1446 qnadraginta
875 1367 969 1428 mines
981 1367 1059 1427 dotis
1067 1363 1262 1446 jampridem:
1282 1382 1340 1442 ego

248 1479 317 1521 sero
326 1459 442 1540 triginta
452 1459 555 1534 mines,
567 1459 814 1538 quemadmodum
827 1461 892 1531 iste,
902 1459 983 1519 mille
992 1479 1061 1520 vero
1072 1458 1224 1524 drachmas
1235 1465 1341 1536 postes

248 1571 308 1612 non
322 1553 410 1614 modo
424 1573 483 1614 non
507 1552 616 1632 accepi,
637 1551 689 1612 sed
710 1561 741 1612 et
758 1571 837 1612 nune
850 1551 888 1612 de
905 1553 947 1612 eis
968 1551 1115 1632 periclitor
1128 1549 1212 1630 qussi
1230 1549 1341 1628 injuste

248 1663 298 1706 ees
314 1644 432 1722 petemi

292 1739 338 1796 ll.
361 1737 415 1796 His
429 1739 528 1815 itaque
541 1735 579 1797 de
593 1737 700 1809 causis,
719 1738 851 1810 iudices,
874 1737 1011 1818 Spudies,
1024 1757 1055 1797 re
1077 1734 1178 1796 amieis
1197 1733 1340 1814 permissu

247 1830 328 1892 litem
353 1850 467 1892 meeum
488 1832 648 1911 transigere
664 1834 766 1904 noluit,
777 1833 856 1910 quod
870 1834 898 1892 ei
913 1833 1105 1893 usuveniebst
1118 1841 1151 1889 ut
1163 1831 1264 1890 horum
1278 1847 1340 1888 om·

248 1923 328 1984 nium
349 1925 584 1990 convinceretur;
613 1943 678 1982 curn
701 1924 777 1982 enim
801 1924 842 1981 illi
864 1923 910 1983 his
932 1925 1065 1982 omnibus
1086 1922 1287 1979 interfuissent
1309 1931 1340 1980 et

248 2025 328 2074 certo
340 2034 377 2074 ee
388 2015 505 2086 seirent,
520 2033 580 2073 uon
594 2015 620 2072 ei
633 2014 833 2092 permisissent
845 2013 959 2091 quidvis
972 2014 1086 2073 dicere:
1117 2012 1195 2091 apud
1211 2030 1265 2070 vos
1284 2031 1339 2070 eu-

247 2116 307 2164 tem
327 2124 360 2165 se
374 2105 559 2165 mentientem
578 2125 625 2165 me
643 2123 712 2164 rere
726 2106 841 2165 dicente
854 2106 915 2166 iore
934 2107 1107 2186 superiorem
1125 2115 1233 2184 speret.
1274 2103 1339 2185 Ego

247 2215 316 2257 vero
330 2216 397 2275 qum
409 2197 537 2276 postulo,
556 2197 708 2276 perspicue
722 2197 803 2256 vobis
818 2197 1024 2271 demonstrari,
1038 2208 1071 2257 ut
1090 2199 1155 2278 ipse
1171 2196 1273 2276 potui:
1294 2198 1339 2260 rei

248 2308 353 2369 gnaros
367 2299 463 2349 eutem
485 2285 541 2350 iste
560 2289 645 2369 fugit,
659 2290 737 2368 quod
759 2300 877 2370 putaret
894 2292 936 2352 eis
956 2293 1055 2352 fucum
1073 2291 1135 2351 fieri
1158 2310 1216 2351 non
1239 2309 1336 2370 posse.

248 2380 357 2453 Quare,
369 2379 500 2454 Judiees,
514 2379 602 2440 etism
615 2400 668 2442 vos
687 2381 713 2440 ei
729 2392 904 2462 potestatem
918 2384 1075 2444 mentiendi
1092 2395 1123 2445 et
1139 2382 1337 2445 calumniandi

248 2491 284 2534 ue
298 2472 484 2545 dete,e0rum
498 2493 564 2554 quoe
578 2473 703 2536 diximus
716 2494 867 2536 memores.
901 2477 1003 2538 Nostis
1013 2479 1089 2538 enim
1099 2478 1197 2539 omnia
1206 2487 1240 2538 ut
1251 2486 1337 2556 geste

248 2574 334 2633 sunt;
356 2576 550 2646 preterquam
561 2567 587 2628 si
598 2567 670 2648 quid
683 2585 739 2648 ego
760 2570 896 2650 preterii,
909 2570 948 2632 ad
965 2570 1099 2652 exiguum
1118 2591 1222 2651 squam
1238 2569 1335 2631 dicere

248 2667 378 2718 enectus.
