2967 5017
272 282 331 343 ror
373 350 379 359 ,
620 282 783 345 orario
803 284 1021 347 surnaria.

269 436 354 525 illias,
369 456 442 519 quas
469 438 681 519 Hyacinthidas
700 452 819 513 vocant,
834 442 989 505 manifesto
1007 441 1096 505 exitio
1113 440 1255 522 peritam
1274 442 1369 503 otm-

268 529 347 591 lisae.
388 531 483 610 'l'urpe
495 531 584 611 igitur
596 532 752 607 ducebant,
761 554 829 595 cum
842 534 868 595 is
881 555 901 597 a
912 535 968 597 diis
982 532 1190 595 immortalibus
1199 543 1370 614 pugnatus

268 622 306 683 ad
321 623 500 684 liberandam
523 626 645 704 patriam
667 626 785 689 feciaset
801 628 910 700 omnia,
925 648 959 689 se
978 628 1159 689 committere
1181 636 1216 686 ut
1235 624 1368 687 mon&

268 734 373 797 corpus
384 717 474 796 pluris
489 718 619 781 iacerent
632 740 720 800 quarn
733 720 857 799 gloriam
874 721 1075 782 immortalem.
1101 719 1227 799 AEgide,
1235 718 1288 798 qui
1300 738 1368 779 non

168 840 171 847 =
264 810 434 889 ignorarent
445 810 590 873 Theseum
607 814 695 893 AEgei
708 814 799 873 filium
813 833 865 893 par
877 832 1051 893 aequumque
1068 813 1119 893 jus
1137 811 1300 872 incivitate
1314 811 1368 871 in·

267 902 407 975 stituissa
417 922 475 964 non
485 906 723 966 committendum
737 908 882 987 putabant
894 907 1003 986 atejus
1017 904 1180 966 institutum
1193 902 1364 983 proderent,

266 1005 297 1081 st
318 996 391 1055 mori
412 998 615 1077 praeoptabant
630 998 728 1078 potius
747 1018 836 1077 quam
856 998 1006 1058 admittere
1020 1007 1053 1057 ot
1065 1014 1208 1077 oppressa
1225 994 1365 1055 libertate

267 1106 322 1149 sua
333 1092 411 1172 apud
426 1091 547 1154 Graecos
565 1095 720 1175 opprobrio
735 1094 790 1161 sibi
804 1104 882 1154 esset
898 1091 1015 1154 vivendi
1027 1091 1183 1171 cupiditas.
1224 1090 1362 1167 Accepe-

266 1194 332 1243 rant
342 1182 536 1245 Pandionidae
549 1206 636 1266 quam
652 1187 757 1247 acriter
770 1186 887 1264 Progne
905 1197 936 1245 et
953 1184 1116 1249 Philomela
1135 1182 1248 1243 illatam
1261 1180 1316 1240 sibi
1339 1198 1363 1239 a

267 1272 361 1334 Tereo
374 1277 578 1337 contumeliam
592 1278 662 1337 ultae
681 1287 790 1337 essent.
830 1276 929 1335 Vitam
951 1274 1039 1355 igitur
1058 1273 1114 1334 sibi
1135 1273 1271 1334 acerbam
1293 1290 1362 1331 esse

264 1368 418 1447 putabant,
435 1368 491 1428 nisi
504 1370 565 1448 pari
579 1388 647 1428 cum
667 1369 724 1430 illis
739 1368 897 1440 iracundia,
910 1378 946 1427 ut
957 1376 1099 1445 cognatos
1112 1383 1213 1425 earum
1222 1364 1360 1437 decebat,

264 1458 295 1517 in
316 1478 367 1520 eos
389 1459 438 1538 qui
453 1460 578 1520 Graecia
600 1460 779 1521 insultabant
797 1458 983 1520 exarsissent.
1023 1456 1185 1517 Audierant
1208 1455 1361 1516 temate

266 1548 415 1611 Leoeoras
434 1552 522 1613 etiam
544 1572 562 1613 a
581 1553 676 1633 poetis
696 1552 845 1623 celebrari,
859 1552 940 1631 quod
957 1570 989 1612 se
1006 1550 1152 1611 victimam
1172 1549 1285 1611 ciuibus
1304 1567 1362 1630 pro

266 1642 360 1721 patria
373 1644 558 1708 obtulissent.
588 1647 663 1707 Cum
678 1646 766 1726 igitur
778 1664 877 1705 earum
890 1644 1045 1706 mulierum
1059 1654 1140 1705 tanta
1152 1643 1257 1703 fuisset
1268 1641 1361 1703 animi

207 1760 210 1768 ·
264 1734 445 1813 magnitudo,
459 1739 543 1799 nefas
562 1758 626 1799 esse
645 1740 790 1819 putabant
809 1735 982 1816 requiriri
1000 1736 1178 1809 essentillis
1199 1735 1360 1797 deteriores

265 1828 366 1889 sideri.
408 1830 604 1891 Meminerant
619 1831 825 1891 Acamantida
842 1830 1064 1891 Homericorum
1085 1846 1229 1899 ramnum,
1250 1826 1359 1904 quibua

262 1930 351 2001 poeta
364 1932 482 2001 propter
502 1933 622 1983 matrem
644 1922 775 1981 AEthram
797 1926 987 1981 Acamantem
1009 1920 1047 1980 ad
1069 1920 1185 1994 Trojam
1204 1938 1272 1978 csse
1288 1936 1359 1997 pro·

261 2012 374 2073 lectum
388 2014 520 2074 affirmat.
562 2015 592 2073 Is
614 2015 702 2091 igitur
722 2014 832 2071 nullum
853 2010 1013 2089 periculum
1033 2011 1218 2071 detrectabat
1237 2020 1273 2070 ut
1290 2021 1360 2071 tue·

260 2104 474 2162 retur'rnatrem
491 2122 592 2161 suern:
613 2104 643 2162 hi
666 2120 744 2172 vero,
759 2119 827 2160 cum
850 2120 910 2159 non
927 2100 1017 2159 modo
1031 2112 1167 2179 parentes
1181 2101 1234 2161 sed
1255 2122 1358 2163 omnes

261 2195 349 2253 etiam
373 2192 526 2253 necessarii
551 2204 582 2252 et
603 2193 688 2252 amici
713 2202 813 2252 essent
831 2191 1019 2263 defendendi,
1042 2191 1173 2251 ullumne
1196 2193 1359 2257 detrectare

261 2286 415 2345 discrimen
429 2284 612 2364 potuissent?
634 2285 701 2343 Nou
722 2284 833 2361 latebat
853 2282 988 2354 OEnidaa,
1002 2282 1117 2343 Cadmo
1129 2295 1230 2345 natam
1256 2286 1358 2347 Serne-

261 2378 331 2448 lem‚
352 2378 439 2455 hujus
452 2396 520 2436 vero
534 2396 600 2437 eum
621 2396 687 2436 esse
702 2374 794 2435 filium
807 2396 894 2455 quem
913 2375 944 2435 in
957 2375 1014 2436 boc
1027 2377 1170 2439 nominari
1185 2378 1286 2440 funere
1304 2380 1357 2441 de-

257 2469 355 2541 decet,
369 2488 464 2548 eoque
477 2478 651 2551 prognatum
664 2469 806 2542 (lineum,
821 2469 869 2549 qui
888 2468 1022 2549 princeps
1040 2468 1171 2549 ipsorum
1188 2482 1354 2539 vocaretur.

262 2564 301 2622 Et
314 2564 383 2642 qnia
403 2564 516 2644 utrique
537 2564 599 2624 urbi
621 2582 778 2625 commune
795 2563 955 2643 periculum
977 2564 1140 2642 ingruebat,
1155 2585 1208 2644 pro
1229 2577 1354 2647 unaque

256 2656 298 2717 ad
317 2666 478 2717 extremum
502 2676 596 2735 usqne
617 2657 747 2737 spiritum
768 2655 997 2735 depugnandum
1013 2655 1226 2717 existimabant
1269 2658 1354 2719 Scie-

256 2752 332 2811 bant
352 2751 524 2831 Cecropidae
543 2750 701 2831 principem
716 2769 811 2822 auum,
834 2748 939 2827 partim
962 2747 1125 2821 draconem,
1138 2749 1244 2829 partim
1257 2750 1353 2811 borni-

258 2864 337 2917 nem,
349 2864 415 2905 esea
428 2844 495 2917 dici,
509 2863 569 2904 non
587 2842 702 2903 aliunde
716 2854 806 2913 certe,
824 2841 880 2900 nisi
898 2841 979 2920 quod
993 2842 1148 2920 prudentia
1165 2842 1286 2917 homini,
1304 2862 1353 2903 ro-

260 2935 328 2995 bore
351 2936 471 2997 draconi
494 2937 682 2997 conferretur.
733 2934 794 2993 Illis
818 2933 905 3011 igitur
926 2935 1013 2993 rebus
1027 2934 1118 3013 digna
1142 2935 1274 2997 acinon
1296 2938 1351 2997 sibi

256 3026 374 3089 edenda
398 3049 464 3089 esse
489 3028 703 3088 existimabant.
745 3024 942 3085 Meminerant
965 3026 1226 3106 Hippotboontidee
1250 3030 1350 3109 nupti·

258 3138 340 3179 arum
355 3122 474 3201 Alopes,
488 3122 710 3199 equibusortus
723 3127 771 3178 est
784 3117 984 3198 Hippothoon,
996 3139 1083 3198 quem
1094 3139 1181 3180 snum
1195 3122 1351 3201 eeseprin-

254 3204 347 3288 cipem
369 3222 492 3271 norant:
512 3230 635 3289 quarum
656 3229 713 3289 ego
736 3228 843 3282 rerum,
866 3220 901 3270 ut
923 3210 1062 3271 decorum
1085 3211 1173 3292 hujus
1208 3214 1349 3293 temporis

258 3300 418 3375 observem,
433 3312 599 3362 accuratam
620 3302 843 3382 explicationem
866 3314 1019 3382 pretereo.
1060 3302 1187 3364 Proinde
1198 3304 1290 3384 digna
1301 3304 1349 3365 his

258 3393 387 3472 gerenda
400 3393 455 3453 sibi
469 3412 532 3455 erse
545 3396 697 3474 putabant.
741 3394 810 3455 Non
823 3394 933 3456 latebat
954 3395 1103 3476 Ajacidas,
1114 3397 1234 3472 &acam
1245 3407 1349 3478 erepto

256 3486 375 3567 premio
388 3486 442 3546 sibi
456 3506 514 3546 non
534 3504 597 3546 esse
610 3484 764 3547 nitendum
774 3498 904 3565 putasse.
944 3488 1020 3547 Cum
1031 3488 1119 3567 igitur
1132 3488 1215 3549 alteri
1227 3489 1349 3551 fortuna

254 3578 444 3659 principatum
459 3578 638 3658 gloriamque
656 3579 794 3651 deferret,
807 3590 870 3640 tum
889 3579 1064 3641 ulciscendis
1077 3579 1207 3641 hostibus
1221 3582 1349 3644 morien-

255 3670 325 3729 durn
337 3671 393 3730 sibi
401 3672 570 3745 censebant,
583 3682 616 3731 ut
630 3690 668 3732 ne
681 3671 752 3751 quid
765 3691 798 3732 se
810 3671 963 3752 indignum
976 3672 1172 3734 admitterent.
1214 3674 1284 3735 Non
1293 3695 1345 3737 ex·

253 3761 561 3825 cideratdntiochidis
575 3764 754 3827 Antiochum
773 3764 908 3825 Herculis
930 3766 1020 3825 luisse
1038 3764 1140 3825 hlium.
1181 3767 1346 3833 vivendum

251 3854 340 3934 igitur
350 3856 404 3916 sibi
417 3868 468 3933 aut
481 3875 532 3936 pro
546 3856 688 3937 dignitate
701 3876 720 3917 a
733 3856 890 3936 mm'oribus
902 3870 1033 3937 accepta
1046 3857 1148 3938 gloria
1161 3870 1213 3921 aut
1222 3858 1345 3923 hortata

249 3958 345 4017 morte
359 3946 591 4009 occumbendum
605 3958 791 4027 putaverunt.

292 4040 322 4099 9.
335 4038 454 4099 -llorum
469 4040 557 4120 igitur
576 4040 731 4103 domestici
749 4040 931 4122 superstites,
945 4041 1053 4104 talibus
1072 4044 1166 4105 orbati
1179 4043 1258 4117 viris,
1271 4057 1343 4109 sunt

251 4129 438 4203 miserabiles,
467 4133 715 4195 aeonauetudine
740 4144 771 4195 et
791 4135 929 4195 diuturna
951 4145 983 4195 et
1002 4138 1084 4197 suavi
1106 4136 1233 4205 divulsir
1253 4148 1344 4199 estet

250 4220 353 4299 patrie
371 4223 498 4284 conditio
515 4224 708 4306 lacrymarum
722 4236 753 4287 et
765 4226 862 4287 luctus
875 4225 971 4305 plena.
1011 4228 1054 4288 At
1065 4227 1106 4287 illi
1124 4229 1191 4309 jure
1203 4229 1235 4289 in
1247 4229 1342 4291 beat‘u

248 4310 377 4372 habendi
395 4326 474 4395 sunt,
492 4316 615 4395 primum
638 4318 836 4397 qniasignnm
859 4327 974 4399 tempus
990 4319 1080 4399 longa
1099 4332 1131 4381 et
1151 4322 1293 4383 duratura
1311 4323 1344 4385 in

248 4420 334 4465 emsa
347 4414 441 4466 atum
455 4406 546 4486 gloria
563 4410 779 4484 commutarint,
793 4411 824 4471 in
843 4428 903 4490 qua
921 4408 1049 4492 ἰμοτιιιιι
1070 4424 1101 4475 et
1114 4413 1198 4475 liberi
1211 4414 1343 4477 celebres
