2967 5017
447 303 615 367 conum
640 267 931 369 mimatensi(
1191 309 1230 368 ae

134 456 230 527 dedat
249 475 352 518 omnm
367 459 446 520 enim
464 461 583 522 bonoria
597 461 706 542 publici
724 471 908 544 appetentes,
922 458 1053 542 ,gloriam
1070 481 1102 524 se
1121 463 1232 546 abina

134 548 213 610 fama
232 560 441 612 consecuturos
460 554 801 633 arbitranurrzuuorum
823 566 923 615 *autem
944 556 1004 616 rita
1022 554 1114 634 turpis
1131 565 1187 628 est,
1210 555 1231 613 ii

121 661 195 734 'noa
208 642 353 721 honorant
365 643 448 702 -banc
461 645 556 718 deam,
570 657 704 725 utquam
717 649 911 708 immortalem
930 647 1056 708 babituri
1069 648 1129 707 sint
1142 665 1230 706 accu-

134 735 281 794 satricem.
316 735 521 796 Recordamini
533 757 604 815 erpo
616 739 735 817 qualem
749 739 786 800 de
802 741 961 800 Timarcho
975 741 1083 799 samam
1094 738 1231 804 audiatis.

135 827 243 888 Nonne
255 829 354 888 mum
367 829 468 888 audito
477 831 596 889 nomine
605 831 727 910 rogatis,
736 833 801 910 quis
810 833 1001 900 Timarchus?
1023 832 1102 891 Num
1115 830 1165 890 ille
1175 831 1231 914 im·
1291 819 1295 832 ’

132 918 279 999 pudicusl
298 920 457 980 Jamside
473 923 618 1002 realiqua
630 934 722 983 testes
735 923 952 1002 produxissem,
967 923 1125 985 crederetis
1139 922 1229 982 mihi:
1295 975 1332 1004 ,ι
1418 965 1420 972 s

133 1020 166 1072 at
186 1011 238 1072 ubi
254 1013 341 1073 &aar
360 1013 527 1092 produxero
545 1025 660 1086 testem,
679 1016 899 1076 uenumdatis?
920 1017 957 1084 ln,
969 1035 1057 1095 quam
1070 1013 1231 1075 salsulam

132 1104 201 1164 falsi
221 1105 377 1166 tosdmouii
395 1107 472 1166 actio
494 1127 554 1167 uon
569 1110 717 1187 competit
754 1107 844 1168 Nam'
856 1110 1045 1187 quodetiam
1063 1108 1102 1168 ad
1119 1109 1230 1167 Demo-

60 1259 65 1265 ,
132 1197 243 1258 stbeuis
256 1210 485 1278 cognomentum
499 1201 612 1270 attinet,
626 1220 684 1260 nou
699 1202 777 1260 male
791 1212 870 1262 certe
882 1202 1001 1280 quidem
1015 1191 1051 1272 is,
1064 1201 1145 1261 haud
1159 1219 1231 1263 sane

132 1293 287 1364 anuuice,
299 1311 399 1352 rerum
410 1311 429 1351 a
441 1293 521 1350 sama
534 1292 657 1352 Betalus
671 1294 853 1373 appellatur:
876 1312 985 1353 nomen
1006 1293 1036 1352 id
1055 1312 1093 1352 ex
1107 1288 1230 1354 mollitie
1268 1277 1272 1290 ⁸

129 1383 268 1463 quadam,
282 1393 314 1442 st
325 1381 527 1461 indiguisuiro
541 1385 676 1464 modesto
688 1385 823 1465 gestibus
838 1397 1003 1447 assecutus.
1026 1385 1057 1443 Si
1072 1385 1137 1463 quis
1151 1384 1229 1442 eninr

6 1524 9 1538 .
128 1476 181 1534 tibi
189 1476 340 1554 elegantes
353 1475 425 1535 istas
439 1476 530 1536 lanas
543 1476 673 1550 avulsas,
684 1491 715 1538 et
725 1479 828 1540 molles
837 1478 996 1548 tuniculas,
1005 1478 1036 1536 in
1047 1477 1154 1555 quibus
1163 1474 1228 1534 illas

129 1568 160 1627 iu
174 1568 284 1626 amicos
298 1569 446 1627 mannes
461 1569 574 1640 scribis,
588 1571 694 1630 allatas
706 1572 854 1648 judicibus
866 1573 895 1630 in
909 1590 1014 1631 manus
1024 1570 1133 1638 tradat,
1147 1569 1228 1647 equi-

130 1661 198 1719 dem
208 1659 331 1720 arbitror
343 1678 406 1730 eos,
420 1661 476 1719 nisi
490 1662 654 1746 praemoniti
666 1662 786 1733 fuerim,
802 1662 996 1734 dubitaturos,
1006 1663 1097 1722 virius
1111 1679 1149 1719 an
1163 1679 1230 1718 mu·
1282 1685 1288 1704 ·

130 1751 210 1810 lieris
222 1759 335 1808 restem
349 1750 544 1828 accepissent.
1176 1759 1178 1764 '

170 1845 219 1918 28.
230 1842 277 1900 >In
291 1859 390 1902 caussa
403 1859 489 1920 porro
504 1842 632 1902 dictione
646 1843 813 1904 adscendet
825 1845 913 1904 etiam
928 1845 1085 1923 imperator
1098 1843 1228 1921 quidam,

127 1943 164 1993 nt
175 1932 273 2004 audio,
289 1928 456 2012 resupinato
469 1933 551 1992 vultu
564 1953 632 1994 sese
644 1945 827 2014 respectans,
842 1945 874 1994 ut
885 1937 915 1993 in
926 1934 1071 2014 palaestris
1084 1941 1114 1992 et
1126 1933 1229 2012 hujus-

128 2027 211 2083 modi
233 2026 489 2113 exercitationibus
512 2026 666 2085 vsrsetus:
688 2028 737 2104 qui
758 2026 997 2086 constitucionem
1021 2027 1110 2085 totius
1130 2044 1231 2084 causer

129 2117 295 2178 emvetlere
314 2117 434 2188 nicetus,
446 2135 495 2175 me
515 2134 576 2175 non
585 2115 732 2195 judicium
747 2119 888 2191 dictasse,
902 2117 954 2178 sed
968 2135 1083 2196 megrim
1102 2117 1229 2176 inscitias
1257 2179 1261 2194 ,
1383 2179 1390 2190 ,

126 2205 301 2292 principium
314 2219 486 2288 apportasse
499 2205 620 2268 dicaam
642 2227 679 2268 ac
695 2209 819 2288 primum
838 2208 1078 2269 commemorabit
1093 2208 1172 2268 viros
1190 2207 1230 2268 ds

128 2301 212 2361 robis
224 2300 430 2376 benemeritos,
445 2299 640 2360 Harmodium
660 2311 691 2360 et
705 2302 947 2380 Aristogitonem,
965 2319 1124 2378 eorumque
1139 2299 1228 2360 iidem
1302 2347 1307 2354 .

128 2401 270 2461 mutuam,
283 2402 315 2451 et
326 2403 503 2451 consecutas
516 2411 552 2450 ex
566 2381 778 2473 cascipablicm
788 2393 947 2454 utilitates:
969 2411 1066 2471 neque
1080 2393 1179 2461 etiam,
1195 2401 1232 2452 ut

129 2484 221 2550 munt,
236 2483 358 2546 Homeri
368 2484 502 2542 versibus
525 2486 692 2556 abstinebit,
714 2496 767 2544 ant
781 2486 905 2546 heroicis
926 2485 1101 2558 nominibus,
1122 2483 1176 2544 sed
1198 2493 1231 2546 et
1268 2506 1270 2511 ’
1381 2543 1385 2550 .

128 2574 293 2634 Achilliset
306 2572 433 2633 Patrocli
447 2585 539 2633 ortam
553 2595 591 2634 ex
605 2594 704 2634 amore
716 2576 885 2647 amicitiam,
900 2587 933 2634 ut
946 2577 1047 2647 fertur,
1059 2577 1228 2649 celebrabit,

124 2677 158 2726 et
169 2667 305 2737 formam,
315 2666 478 2743 quasivero
486 2684 589 2724 canon
601 2665 670 2724 olim
683 2666 714 2723 in
723 2667 874 2725 felicitans
883 2684 1004 2725 numero
1021 2677 1146 2744 ponatur
1159 2687 1228 2728 cum

123 2757 273 2818 modestia
291 2757 461 2835 conjuncta,
478 2774 558 2816 nnnc
571 2755 713 2815 laudabit
740 2755 817 2816 Nam
837 2757 862 2818 si
882 2755 1227 2834 calumniaqu'oruudam
1255 2796 1258 2802 -
1335 2755 1340 2768 '

126 2849 243 2920 efficiet,
256 2859 292 2917 ut
300 2849 431 2927 corporis
441 2849 531 2908 decor
542 2847 688 2925 aliquibus
701 2847 862 2910 calamitati
873 2849 922 2920 sit,
933 2867 992 2908 non
1002 2867 1099 2908 savos
1110 2847 1229 2926 publice

128 2944 300 3020 decreturos
313 2941 506 3017 dicent„qura
524 2939 658 3018 privatim
672 2939 828 3018 exoptetis.
858 2939 1031 2998 absurdum
1046 2941 1124 2998 enim
1138 2939 1229 3000 videri
1329 2953 1336 2962 ·

129 3035 195 3104 sibi,
209 3051 392 3094 cumomnes
405 3051 459 3091 sos
468 3031 567 3091 liberis
578 3049 695 3110 operam
710 3031 818 3102 daturi,
828 3041 897 3090 vota
906 3031 1029 3102 beistis,
1046 3040 1080 3089 ut
1092 3030 1143 3090 dlii
1154 3049 1229 3090 non·
1255 3107 1260 3114 ἱ

128 3127 199 3186 dam
217 3123 278 3183 usti
291 3125 385 3182 forma
397 3134 582 3203 prestantes,
592 3133 624 3182 at
635 3121 754 3183 civitate
769 3121 852 3197 digni
865 3121 1012 3181 eradant:
1034 3139 1086 3181 cos
1100 3122 1152 3200 qui
1165 3123 1229 3201 jam

129 3218 192 3277 nati
204 3225 285 3285 sunt,
299 3234 374 3295 quos
387 3214 595 3292 rempublicam
609 3212 691 3271 laudi
704 3212 760 3271 sibi
777 3212 888 3272 ducere
899 3213 1066 3285 conveniat,
1087 3214 1113 3274 si
1125 3213 1232 3277 torae

127 3308 276 3388 elegantia
283 3317 466 3387 mutantes,
476 3307 591 3383 aliquos
600 3305 632 3364 in
642 3307 689 3364 sui
697 3305 921 3364 admirationem
930 3315 1112 3380 convertant,
1120 3317 1150 3367 at
1157 3326 1229 3368 con·

128 3403 260 3461 tentioue
271 3400 399 3478 quadam
410 3398 516 3467 amoris
525 3408 708 3476 expetantur,
720 3417 738 3456 a
748 3397 830 3465 vobis
841 3398 974 3458 AEscbini
987 3399 1136 3460 obaecws
1144 3401 1229 3476 igno·

128 3493 221 3554 ruinis
233 3492 337 3552 amani
364 3491 403 3549 Et
415 3490 471 3550 boc
484 3490 515 3548 iu
528 3490 606 3560 loco,
619 3501 653 3548 ut
666 3490 767 3563 audio,
779 3509 829 3550 me
844 3509 962 3569 quoquc
976 3492 1165 3569 perstringet,
1182 3512 1229 3562 rp-

130 3586 236 3666 gitaua,
246 3605 284 3644 an
296 3603 345 3644 mc
356 3602 416 3642 non
427 3582 548 3661 pudeat,
563 3602 631 3643 cum
644 3583 752 3661 ipsein
767 3583 926 3663 gymnasiis
939 3582 1087 3659 fraqimai,
1097 3593 1126 3642 et
1138 3582 1230 3662 pluri·

129 3697 242 3737 morum
254 3693 353 3736 amore
365 3683 472 3754 captus
484 3674 600 3747 iusum,
612 3694 677 3735 cam
688 3695 748 3734 rem
762 3675 883 3734 efficiam
895 3673 1119 3754 ignominiosam
1133 3685 1229 3754 etpe·

126 3769 300 3836 riculosamt
315 3765 643 3847 postremo,utquidam
651 3765 988 3840 mibinuncisut,vosad
998 3766 1228 3850 risumetnugas

128 3864 296 3934 cohortans,
308 3881 343 3920 ae
358 3860 439 3919 robis
458 3868 687 3920 monstraturum
708 3861 797 3932 dicet,
810 3879 896 3939 quam
918 3858 1011 3918 multa
1034 3858 1066 3916 in
1084 3857 1229 3936 quosdam

128 3955 272 4017 amatoria
290 3961 428 4033 poemata
440 3951 577 4011 iecerim':
599 3970 635 4011 ac
648 3961 740 4011 testes
756 3951 966 4030 producturum
979 3948 1174 4028 pollicebitur,
1190 3949 1230 4010 dc

129 4046 268 4110 conviciis
285 4065 325 4105 ac
339 4045 507 4104 verberibus
521 4045 638 4104 obeam
658 4064 717 4104 rem
730 4043 803 4102 mihi
817 4043 914 4104 factis.
934 4043 1005 4122 Ego
1018 4061 1086 4102 vere
1107 4060 1161 4102 nec
1175 4041 1230 4102 ho·
1254 4109 1257 4114 ¹

61 4209 67 4220 ,
128 4151 245 4200 nestum
258 4155 388 4218 amorem
408 4136 603 4216 reprebendo,
621 4156 716 4216 neque
733 4136 867 4195 homines
880 4136 973 4195 forma
985 4143 1159 4214 praestantes
1176 4135 1231 4194 im·

126 4234 277 4315 pudicitiae
291 4251 394 4311 arguo,
406 4251 463 4291 nec
473 4230 537 4309 ipse
547 4230 658 4290 infidas
672 4249 718 4302 eo,
731 4249 778 4288 me
791 4247 968 4308 propensum
982 4247 1049 4288 esse
1058 4229 1096 4287 ad
1106 4247 1229 4302 amaus,

128 4344 225 4406 neque
239 4325 328 4387 etium
339 4324 545 4384 aemulationes
565 4333 597 4383 et
609 4342 725 4402 pugnas
734 4341 804 4382 cum
819 4321 894 4395 aliis,
908 4321 995 4381 hodia
1008 4339 1125 4400 quoque
1140 4341 1179 4381 ex
1194 4340 1231 4382 ea
1335 4347 1337 4352 ¹

129 4438 161 4480 ru
172 4417 242 4478 oriri
252 4414 411 4491 &litua-et
421 4415 492 4477 mibi
505 4416 650 4476 accidisse
662 4434 750 4494 uago.
771 4415 820 4474 De
834 4413 978 4495 poematis
993 4421 1091 4475 autem
1103 4427 1230 4492 quse-me

652 4509 671 4547 Ψ
692 4526 711 4564 a
