2967 5017
265 339 307 399 se
493 337 553 398 os
572 305 853 401 maresuari
875 336 1137 402 nasamone

265 493 353 564 etiam
365 512 385 552 a
397 483 445 552 me
457 490 517 554 dici
530 503 562 554 et
573 511 663 572 posse
677 503 709 561 et
719 493 827 554 debere
841 493 988 556 existimo.
1017 493 1074 553 Ubi
1084 487 1172 564 enini,
1186 493 1377 570 utqutndo

267 585 542 666 commonemini
564 605 651 664 quos,
669 585 728 644 hac
746 585 794 646 die
815 584 1020 664 pretermissa,
1037 583 1145 644 faciam
1165 583 1377 644 mentionem?

267 677 345 738 Cum
364 677 454 756 igitur
466 669 619 757 pueritiam
639 677 842 746 excessissem.
862 685 963 752 custos
980 685 1089 736 nostre
1111 673 1231 736 ditionis
1252 676 1296 734 lui
1318 693 1375 755 per

266 770 426 842 biennium,
439 770 525 848 cujus
538 770 579 833 rei
593 760 722 848 squslss
734 780 766 830 et
778 768 901 848 collegae
914 769 985 828 mihi
997 768 1078 848 apud
1098 787 1151 830 ros
1168 768 1374 828 testimoninm

266 861 472 941 perhibebunt.
492 861 622 922 Primum
634 862 665 921 in
678 862 810 921 militiam
820 861 1041 941 profectusum
1052 880 1088 922 ea
1097 860 1295 940 expeditione,
1302 879 1376 939 quo

269 953 436 1019 Meresiana
447 955 635 1014 nominatur:
658 963 690 1013 ct
701 953 773 1014 dum
783 971 851 1012 cum
865 953 1026 1030 equalibus
1036 971 1174 1032 pompam
1187 951 1374 1012 Phliuntiarn

267 1065 336 1108 cum
350 1046 515 1109 Alcibiadis
529 1046 668 1107 militibus
681 1048 846 1118 comitarer,
859 1055 890 1106 et
902 1045 980 1106 circa
991 1046 1160 1106 Nemeoeam
1175 1043 1285 1105 fossam
1299 1064 1375 1123 pree-

268 1137 339 1196 lium
361 1138 550 1200 commismm
563 1147 653 1208 mast,
668 1137 712 1198 sic
725 1137 885 1213 decertavi,
906 1147 944 1224 ut
961 1156 981 1196 s
999 1137 1123 1198 ducibus
1145 1136 1298 1206 laudarer:
1321 1157 1373 1197 ce-

165 1222 174 1240 ⁸
267 1231 339 1290 teris
351 1231 440 1290 etism
459 1229 696 1309 expeditionibus
720 1249 788 1309 qua
808 1228 954 1308 pervices
973 1229 1172 1301 mittebantur,
1193 1237 1228 1288 ut
1248 1228 1374 1308 Epony·

188 1381 195 1390 ,
268 1321 375 1382 misam
394 1331 426 1381 et
442 1321 626 1392 Merssiauss,
648 1321 778 1391 interlui,
799 1330 830 1379 et
850 1320 889 1380 ad
906 1321 1089 1380 Mantineam
1106 1320 1288 1399 depugnari,
1309 1339 1374 1379 nou
1465 1359 1466 1406 4

268 1413 400 1492 turpiter,
413 1423 464 1473 aut
476 1432 544 1473 cum
553 1412 698 1472 dedecore
710 1412 847 1474 civitatis.
871 1413 905 1472 ln
920 1411 1033 1472 Euboes
1042 1412 1112 1472 item
1126 1409 1257 1482 militavi,
1270 1420 1303 1470 st
1312 1411 1373 1470 Ta·
1465 1415 1466 1470 J

269 1523 386 1584 mynms
397 1523 499 1584 pugna
507 1504 584 1563 inter
595 1502 727 1566 delectos
737 1504 780 1563 ita
792 1521 841 1563 me
854 1503 945 1582 gessi,
959 1514 992 1564 ut
1005 1513 1036 1563 et
1044 1502 1084 1565 ibi
1095 1521 1114 1560 a
1122 1501 1249 1564 ducibus
1260 1521 1373 1562 corona

269 1585 396 1667 omarer,
410 1607 443 1656 et
454 1597 514 1656 huc
528 1615 662 1657 resersus
675 1597 781 1656 itemm
796 1597 947 1676 apopulo,
958 1613 1025 1654 cum
1039 1605 1069 1655 st
1083 1595 1233 1654 victoriam
1251 1591 1373 1672 publice

264 1688 500 1768 repunciassem,
515 1699 548 1748 et
559 1687 734 1748 Temenides
752 1687 923 1748 Pandionis
944 1687 1036 1747 tribus
1055 1685 1198 1758 centurio,
1216 1687 1268 1764 qui
1284 1705 1303 1744 a
1322 1705 1373 1746 ca·

269 1781 338 1842 stris
350 1781 467 1860 legatus
480 1780 540 1840 huc
552 1798 669 1840 mecum
688 1780 837 1860 profectus
851 1789 924 1852 erat,
938 1779 1056 1858 qualem
1070 1779 1098 1836 in
1119 1777 1221 1858 prrslio
1233 1797 1282 1836 me
1294 1797 1373 1858 prm-

269 1869 411 1946 buissem,
422 1871 593 1932 indicasset.
615 1874 691 1938 Quas
704 1883 737 1931 ut
750 1891 817 1932 vere
831 1891 850 1930 a
862 1890 909 1931 me
922 1871 980 1930 dici
993 1879 1118 1942 constet,
1131 1889 1204 1950 cape
1218 1869 1374 1930 decretum

269 1963 339 2036 hoe,
355 1972 388 2023 st
399 1962 587 2024 Temenidem
600 1982 675 2027 vocs
686 1975 719 2022 et
730 1981 783 2023 eos
796 1961 1009 2023 commilitones
1026 1980 1120 2034 meos,
1139 1960 1190 2040 qui
1209 1979 1264 2040 pro
1282 1979 1371 2040 repu-

268 2054 348 2115 blica
365 2054 536 2124 militarunt,
548 2063 580 2114 et
594 2053 775 2115 Phocionem
795 2054 1009 2134 imperatorem,
1034 2053 1164 2114 nondum
1181 2051 1373 2124 advocatum

270 2144 324 2204 nisi
328 2144 480 2225 judicibus
490 2146 585 2206 risum
597 2145 696 2220 tuerit,
705 2158 737 2208 et
744 2155 851 2208 testem
861 2143 1064 2208 calumniatori
1072 2143 1242 2219 obnoxium,
1253 2147 1280 2205 si
1288 2163 1372 2206 men-

149 2236 153 2240 ’
269 2237 341 2298 titus
354 2237 453 2302 luerit

544 2377 790 2440 DECRETUM.
816 2367 1090 2440 TESTIMONIA.

271 2506 348 2566 Cum
362 2504 452 2584 igitur
463 2506 575 2588 primus
596 2507 676 2567 urbis
690 2507 842 2569 victoriam
861 2508 945 2569 robis
968 2506 1173 2582 renunciarim,
1194 2519 1226 2570 et
1246 2509 1372 2570 liberum

270 2607 433 2660 rumorum
446 2618 615 2668 successus,
629 2597 753 2678 primam
766 2599 842 2660 hanc
857 2599 970 2660 srobis
984 2601 1107 2678 gratiam
1115 2611 1226 2680 repeto,
1235 2611 1270 2660 ut
1278 2603 1372 2662 vitam

270 2709 366 2751 mecm
381 2690 530 2766 tueamini,
543 2709 611 2751 cum
622 2709 682 2750 non
695 2690 751 2750 aim
761 2690 871 2772 populo
886 2691 1030 2761 inimicus,
1045 2702 1080 2751 ut
1087 2703 1242 2760 aoeusator
1252 2693 1304 2766 ait,
1313 2695 1373 2754 sed
1441 2735 1444 2740 -

267 2781 409 2862 improbis
422 2782 558 2856 infestus,
571 2783 680 2862 quippe
692 2782 744 2860 qui
758 2791 855 2843 retem
869 2801 922 2842 vos
940 2782 1148 2844 Demosthenis
1161 2784 1285 2864 majores
1304 2784 1373 2844 imi·

269 2873 440 2934 tari-nulli
459 2873 537 2934 enim
551 2883 671 2945 suut—,
683 2872 737 2932 sed
751 2873 894 2944 cohorter,
916 2882 950 2931 ut
968 2873 1161 2934 honestorum
1183 2874 1372 2936 consiliorum

270 2965 458 3026 emulatores
471 2964 544 3025 sitis.
584 2965 660 3033 Quas
674 2965 764 3026 altius
778 2966 902 3044 repetita
915 2965 1004 3044 paulo
1018 2966 1178 3027 dilucidius
1190 2968 1371 3046 explanabo.
1445 2975 1451 2982 ‘

304 3060 361 3118 54.
383 3056 524 3128 Primum,
537 3066 638 3116 nostra
650 3055 719 3114 urbs
733 3056 856 3134 gloriam
871 3067 1030 3116 consecuta
1043 3067 1089 3117 est
1102 3070 1170 3136 post
1182 3059 1286 3120 navale
1297 3079 1373 3122 con-

270 3159 317 3210 tra
328 3149 449 3209 Persam
462 3149 595 3228 praelium
616 3147 654 3205 ad
676 3146 853 3206 Salaminem
872 3157 996 3226 gestum,
1010 3168 1077 3208 cum
1099 3151 1244 3212 moenibus
1257 3170 1280 3211 u
1298 3153 1370 3212 bar-

270 3240 348 3298 baris
372 3239 487 3309 dirutis,
499 3247 531 3296 et
544 3255 617 3315 pace
636 3255 705 3294 cum
719 3237 948 3298 Lacedaemoniis
962 3241 1131 3310 constituta,
1150 3241 1314 3302 libertatem
1327 3243 1372 3306 ci·

270 3330 367 3388 uitatis
390 3329 571 3387 retinuimus.
604 3325 679 3388 Post
700 3347 719 3390 a
739 3329 915 3409 quibusdam
940 3332 1088 3404 concitati,
1111 3333 1248 3413 belloque
1265 3347 1374 3398 contra

271 3418 509 3480 lacedemonios
528 3429 680 3498 suscepto,
701 3421 798 3482 multis
812 3423 898 3484 mulis
919 3433 950 3482 et
966 3425 1046 3484 datis
1067 3434 1098 3484 et
1117 3428 1259 3506 acceptis,
1279 3427 1372 3490 inter-

269 3511 404 3572 cessione
423 3511 564 3584 Cimonis,
577 3511 721 3572 Miltiadis
734 3513 796 3584 filii,
815 3515 865 3574 cui
883 3515 1040 3594 hospitium
1063 3526 1127 3576 erat
1143 3537 1211 3578 cum
1227 3519 1370 3581 lacedae-

269 3603 496 3678 montisfortis
510 3623 653 3664 annorum
667 3604 882 3687 quinquaginta
898 3609 1107 3686 percussimus,
1120 3629 1213 3690 eoque
1226 3611 1370 3672 tredecim

267 3715 361 3756 annos
374 3714 478 3756 sumus
493 3697 549 3757 usi.
581 3696 649 3756 Hoc
680 3706 813 3778 tempore
830 3697 975 3758 Piraeum
990 3718 1072 3760 muro
1092 3703 1250 3778 cinximus,
1269 3715 1301 3764 et
1320 3723 1369 3766 se·

268 3786 476 3866 ptentsioualia
487 3787 598 3847 moenia
609 3787 818 3862 exstruximus,
838 3800 869 3848 et
880 3800 988 3872 practer
1001 3809 1063 3866 eas,
1077 3811 1152 3871 quas
1173 3803 1243 3854 ants
1255 3793 1369 3856 babue-

269 3898 379 3958 ramus,
398 3887 518 3938 centum
530 3879 663 3948 triremes
678 3879 898 3953 aedificavimus,
918 3893 949 3942 et
968 3892 1115 3946 trecentos
1128 3885 1242 3963 equites
1259 3889 1369 3950 nostds

269 3969 362 4052 copiis
389 3969 586 4046 adjunximus,
616 3981 762 4032 trecentos
793 3973 863 4032 item
895 3973 1023 4054 Scythas
1049 3977 1216 4056 sagittarios
1248 3981 1369 4042 mercati

269 4081 381 4135 sumus,
393 4072 424 4121 et
436 4061 577 4142 populare
597 4064 749 4142 imperium
771 4075 939 4126 constanter
959 4066 1139 4128 retinuimus.
1168 4069 1246 4130 Cum
1267 4082 1368 4132 autem

140 4167 153 4178 ·
266 4148 300 4210 in
313 4152 521 4231 rempublicam
534 4162 664 4214 nostram
683 4155 818 4217 homines
833 4177 892 4217 non
906 4156 1029 4237 ingenui
1042 4180 1098 4222 nec
1111 4162 1253 4222 moderati
1270 4165 1369 4228 irruis-

269 4252 347 4314 sent,
355 4261 456 4302 rursus
465 4244 613 4330 AEginetis
626 4245 738 4306 bellum
752 4247 922 4308 intulimus:
943 4250 974 4308 in
987 4269 1082 4331 eoque
1096 4272 1155 4314 uon
1168 4253 1368 4318 mediocribus

269 4329 368 4392 affecti
379 4333 494 4394 damnis
506 4355 611 4414 pacem
624 4337 825 4417 expetivimus,
840 4340 993 4401 Andocide
1006 4363 1075 4404 cum
1088 4345 1210 4424 collegis
1222 4347 1317 4408 misso
1328 4349 1368 4410 ad
1465 4351 1466 4356 ’

270 4423 521 4498 htffloemffliots
541 4438 571 4489 et
582 4448 685 4507 pacem
706 4430 826 4512 triginta
844 4451 936 4498 tonos
958 4437 1147 4513 sensuimus,
1165 4457 1232 4518 que
1251 4443 1369 4520 magni-
