2967 5017
415 345 638 418 ADVERSUS
659 345 928 418 PHAENIPPUM.
1160 346 1220 417 606

544 537 811 600 TESTIMONIA.

172 668 201 726 5.
224 665 338 733 Quibus
360 667 447 746 igitur
461 653 508 730 nre⁰
521 669 698 750 Phoenippus
717 667 827 750 injuriis
846 667 970 747 aprime
984 667 1082 730 rtatim
1095 665 1144 730 die
1157 669 1220 733 uffi-

132 779 201 820 cere
223 759 351 839 coeperit,
366 759 500 832 audistis,
515 761 648 833 iudices,
662 772 693 821 et
706 781 722 820 e
736 780 783 821 me
797 771 827 821 et
843 780 860 820 e
873 761 1014 821 testibus:
1034 779 1101 840 quie
1125 767 1225 833 sutem

131 861 201 932 post
213 850 292 910 iacta
306 863 385 922 sunt,
399 871 434 912 ea
446 871 505 912 non
519 852 548 912 in
563 873 609 914 me
624 863 736 912 tantum
751 852 803 913 sad
818 853 905 913 etitem
918 854 947 912 in
962 852 1043 934 leges
1061 862 1130 912 sunt
1146 859 1227 910 com·‘

131 943 230 1013 missa,
242 964 308 1022 quae
322 945 405 1004 uobis
420 946 553 1006 omnibus
566 965 674 1026 magno
686 945 784 1005 studio
802 955 871 1004 sunt
888 945 1015 1005 tuendae.
1057 943 1132 1007 cum
1147 944 1224 1003 enim

131 1035 219 1094 tertio
242 1034 311 1094 Idus
335 1033 454 1098 Sextilis
472 1038 612 1118 jurasset,
627 1057 658 1096 se
674 1049 753 1097 recte
765 1046 796 1095 et
810 1055 875 1096 vere
895 1055 964 1098 suas
977 1055 1047 1118 opes
1060 1034 1225 1095 declaratu-

132 1146 209 1197 rum,
223 1137 252 1185 et
263 1125 311 1184 lex
325 1127 554 1189 declarationem
569 1128 631 1188 dari
652 1129 737 1187 tertio
755 1138 824 1207 post
839 1128 1041 1208 jusjurandum
1065 1125 1112 1186 die
1126 1137 1226 1210 aperte

126 1217 244 1298 jubeat,
266 1222 403 1279 convenit
422 1240 470 1281 rna
491 1230 562 1280 ante
578 1221 745 1300 pretorIum
760 1241 827 1281 cum
850 1220 1010 1301 Polyeucto
1033 1219 1175 1280 Crioeuse
1197 1229 1229 1280 et

132 1309 268 1372 Terentio
282 1331 398 1390 rogans,
412 1313 535 1392 primum
550 1322 582 1372 ut
592 1313 795 1373 transactionis
807 1330 897 1374 causa
906 1331 1005 1372 secum
1016 1312 1227 1394 congrederer3

132 1405 330 1482 praestiturum
344 1403 421 1462 enirn
436 1403 506 1462 mihi
520 1425 586 1483 quea
605 1425 691 1483 aequa
704 1413 804 1470 essent
817 1403 936 1464 omnia:
958 1403 1065 1468 deinde
1082 1414 1115 1463 ut
1127 1402 1228 1467 decla·
1304 1473 1307 1480 Ι

132 1495 276 1555 rationem
299 1496 340 1554 rei
359 1495 506 1556 familiaris
528 1496 672 1557 differrem
686 1497 714 1554 iu
730 1496 793 1555 dies
814 1515 873 1556 non
895 1497 1017 1566 multos;
1039 1495 1229 1574 nequeenim

129 1587 249 1666 ignotas
265 1588 319 1648 sibi
333 1608 397 1648 esse
408 1609 454 1648 res
468 1609 557 1648 meas.
593 1589 657 1668 Ego
668 1607 736 1647 vero
747 1587 796 1666 qui
810 1597 841 1647 et
852 1589 996 1648 moderati
1012 1598 1043 1648 et
1056 1587 1146 1668 quieti
1163 1603 1229 1645 esse

131 1681 204 1740 civis
217 1700 276 1739 non
291 1681 389 1740 statim
409 1681 587 1760 praecipitem
609 1700 691 1739 ruere
713 1681 742 1738 in
759 1679 902 1760 judicium
923 1680 1134 1744 existimarema
1159 1695 1230 1735 con·

132 1769 325 1848 cessi—quid
335 1770 410 1829 enirn
421 1772 520 1830 multis
534 1783 579 1830 est
591 1791 664 1851 opus
674 1771 737 1842 t-,
746 1780 780 1828 ut
789 1771 812 1829 is
826 1789 1003 1848 congressus
1013 1767 1231 1828 detransactio·

132 1863 226 1922 nibus
251 1881 358 1921 xxrrr.
380 1862 496 1921 Sextilis
519 1863 610 1935 lieret,
635 1863 794 1923 declaratio
818 1873 915 1923 autem
934 1879 1015 1920 xxv.
1068 1860 1123 1920 His
1143 1880 1162 1920 a
1182 1878 1230 1920 me

131 1952 316 2032 Phaenippus
330 1953 489 2032 impetratis
503 1964 608 2013 neutro
622 1954 669 2012 die
683 1965 791 2034 proesto
805 1954 879 2013 luit:
900 1953 954 2012 sed
968 1953 1005 2012 ad
1021 1971 1074 2011 vos
1090 1971 1149 2012 non
1170 1970 1232 2011 una

133 2045 188 2104 sed
203 2043 317 2104 duabus
331 2043 443 2122 legibus
459 2044 572 2104 violatis
585 2047 757 2123 ingreditur,
778 2064 837 2104 una
849 2065 916 2125 quoe
924 2045 1011 2124 jubet
1024 2044 1130 2118 triduo,
1148 2055 1232 2122 post·

134 2156 222 2218 quam
239 2136 392 2215 juraverit,
411 2156 471 2198 rem
493 2137 665 2196 familiarem
686 2136 846 2210 declarare,
865 2137 1037 2215 alteraque
1050 2146 1128 2196 ratas
1141 2135 1232 2201 habet

133 2231 298 2310 pactiones,
322 2229 445 2288 testibus
465 2230 660 2310 praesentibus
681 2229 798 2290 factas..
827 2229 929 2309 Atqui,
944 2229 1076 2302 iudices,
1097 2228 1161 2307 quis
1182 2249 1231 2288 re·

136 2333 226 2380 strum
243 2321 368 2399 ignorat,
384 2340 466 2399 aeque
480 2331 572 2380 ratam
586 2341 652 2380 esse
666 2322 742 2381 diem
757 2333 819 2382 tum
833 2322 947 2402 legibus
957 2311 1111 2395 sancitam,
1121 2329 1184 2380 tum
1193 2321 1230 2380 ab

135 2413 306 2474 adversariis
328 2413 524 2473 concessam?
555 2414 631 2476 Nam
656 2435 723 2474 curn
751 2435 829 2495 saepe
853 2415 969 2495 legibus
992 2415 1141 2493 trigesima
1167 2412 1231 2473 dies

135 2507 277 2584 praefinita
289 2507 336 2579 sit,
356 2505 443 2566 aliam
463 2507 537 2566 inter
557 2527 611 2568 nos
632 2508 709 2588 pacti
730 2509 810 2589 apud
833 2510 1021 2588 magistratus
1041 2527 1141 2571 omnes
1157 2506 1232 2567 obti-

136 2598 262 2670 nuimus,
278 2608 308 2658 et
326 2599 457 2659 actiones
481 2609 512 2658 et
529 2601 641 2678 judicia
659 2600 829 2660 adversariis
853 2612 1012 2681 prorogant
1026 2599 1192 2671 novemviri,
1208 2599 1233 2659 si

135 2691 191 2770 ipsi
205 2691 281 2750 inter
295 2711 327 2750 se
339 2690 536 2750 convenerint.
579 2692 709 2760 Quorum
724 2690 749 2751 si
765 2694 830 2772 quis
844 2709 974 2753 mutuam
988 2693 1156 2776 pactionem
1170 2690 1233 2750 irri-

135 2794 194 2842 tam
207 2803 272 2842 esse
285 2792 418 2862 oportere
432 2794 542 2854 censet,
557 2781 582 2842 is
595 2783 677 2842 vobis
696 2783 764 2843 odio
778 2785 1002 2864 prosequendus
1016 2794 1071 2858 est,
1085 2794 1120 2844 ut
1133 2783 1232 2863 impu·
1303 2777 1308 2786 ’

136 2873 325 2935 deotissimus
340 2873 542 2935 calumniator.
583 2873 765 2954 Phoenippus
779 2887 889 2945 autem,
907 2877 1028 2954 perinde
1042 2895 1076 2934 ac
1090 2877 1114 2934 si
1129 2875 1176 2935 lex
1183 2875 1233 2956 ju·

134 2969 205 3028 beat
227 2967 298 3030 nihil
319 2977 469 3048 proestare,
483 2967 563 3048 qood
585 2969 736 3048 receperis,
752 2968 788 3027 ab
807 2986 843 3028 eo
861 2966 917 3040 die,
930 2986 989 3045 quo
1003 2965 1135 3049 promisit
1149 2985 1182 3024 se
1203 2975 1234 3026 et

136 3063 175 3124 ad
198 3062 426 3122 transactionem
449 3061 616 3134 affuturum,
634 3071 666 3120 et
688 3061 913 3121 declarationem
933 3081 1017 3122 suam
1038 3059 1183 3132 daturum,
1204 3069 1236 3118 et

135 3175 232 3216 meam
246 3165 443 3235 accepturum,
458 3173 602 3232 nusquam
619 3173 650 3213 se
673 3153 756 3213 stitit.
799 3153 873 3234 Ego,
888 3163 1044 3233 postquam
1064 3153 1102 3213 ab
1124 3151 1182 3212 isto
1203 3160 1236 3213 et

135 3267 184 3308 me
199 3257 230 3306 et
242 3245 325 3325 leges
340 3245 487 3306 contemni
501 3245 569 3318 vidi,
583 3245 810 3306 declarationem
822 3245 852 3305 in
871 3245 1037 3326 praetorium
1057 3245 1157 3305 attuit
1177 3243 1234 3307 iste

135 3361 216 3414 vero,
228 3337 309 3421 quod
322 3350 352 3399 et
361 3337 449 3418 paulo
462 3339 542 3418 prius
556 3338 628 3412 dixi,
637 3337 768 3398 libellum
778 3337 848 3398 mihi
861 3358 948 3400 mane
962 3338 1055 3412 dedit,
1068 3337 1158 3398 videri
1169 3336 1235 3420 qui·

137 3432 206 3493 dem
220 3431 405 3492 solummodo
418 3430 520 3491 volens
536 3450 568 3492 se
588 3431 659 3490 mihi
676 3431 796 3491 dedisse
819 3432 1056 3505 declarationem,
1070 3431 1123 3492 sed
1142 3431 1185 3495 sio
1201 3437 1236 3491 ut

137 3545 195 3606 ego
209 3523 265 3582 illis
280 3543 347 3604 quoe
362 3523 502 3602 inscripta
515 3534 614 3584 essent
627 3523 670 3585 uti
683 3525 802 3584 minime
817 3544 946 3605 possem.
986 3524 1056 3585 Non
1075 3524 1163 3586 decet
1183 3544 1235 3584 au-

136 3627 206 3692 tem,
216 3615 350 3688 IndIces,
361 3615 396 3675 iis
410 3617 476 3697 plus
490 3636 577 3696 aequo
591 3616 716 3678 tribuere
730 3617 779 3696 qui
793 3636 876 3678 suam
890 3618 1107 3696 improbitatem
1118 3617 1234 3696 legibus

136 3729 203 3770 esse
224 3707 380 3769 firmIorem
399 3707 680 3789 censent,-alioqui
700 3709 831 3769 efficietis
845 3720 879 3768 ut
890 3709 975 3769 multi
988 3711 1056 3790 jura
1073 3708 1235 3789 perscripto

134 3799 251 3880 legibus
272 3799 474 3874 derideant-,
495 3800 537 3859 illi
560 3799 677 3878 quidem
695 3801 819 3880 juvandi
841 3809 920 3874 sunt,
934 3801 984 3880 qui
1007 3803 1107 3880 legum
1132 3817 1233 3860 rocem

136 3901 266 3954 vestram
280 3911 345 3953 esse
358 3902 472 3973 putant,
492 3904 522 3953 et
536 3903 661 3954 vestrum
675 3894 754 3954 banc
768 3913 834 3972 quae
852 3913 906 3973 pro
927 3891 1061 3954 tribunali
1076 3889 1171 3952 editur
1189 3890 1233 3954 ts·

136 3985 222 4046 lectis
236 3983 351 4060 injuria,
363 4003 422 4044 non
436 3985 580 4058 sontibus,
594 3985 811 4066 opitulaturam.
838 3986 942 4047 Recita
955 3986 1058 4049 horum
1068 4003 1135 4066 quie
1144 3983 1234 4046 modo

136 4079 218 4140 dicta
231 4087 302 4140 sunt
314 4078 492 4152 testimonie,
506 4087 536 4139 et
548 4079 638 4160 leges.

458 4247 728 4310 TESTIMONIA.
769 4247 912 4310 LEGES.

137 4379 268 4442 Proinde
280 4380 351 4472 talia
364 4400 519 4462 perpessus
534 4401 552 4442 a
570 4381 744 4464 anuippo,
763 4382 894 4458 ludices,
911 4382 988 4446 hanc
1009 4381 1233 4462 descriptionem

137 4471 179 4535 ad
193 4471 382 4553 imperatores
395 4474 492 4537 retuli.
535 4471 651 4536 Recita.
