2967 5017
540 357 767 424 unorum.
1139 353 1198 414 84³

108 515 286 578 merium.
327 514 423 579 Miror
439 517 588 589 oute-‚ri
605 523 836 580 morarum
858 510 980 592 cogitet.
991 519 1077 590 turpe
1089 525 1154 570 eure
1166 517 1200 569 ut

106 609 235 689 populun
255 609 455 683 Athenionis,
477 608 629 689 rapienti·
655 608 856 704 mariumque
883 603 1020 686 opinione
1055 610 1201 682 maetam

107 701 256 774 omuibua,
270 702 311 763 ad
321 719 408 782 quem
429 703 460 762 iu
473 701 689 764 calamitatibur
702 711 843 782 tanquam
856 699 894 760 ad
913 713 1069 760 commuue
1085 693 1202 773 arylum

107 793 228 873 coniugi
247 794 334 866 uolet,
347 793 482 875 Philippo
504 793 689 856 inhumanior
710 793 853 864 rideatur,
867 791 917 871 qui
934 794 981 866 (ut
1003 789 1033 850 iu
1055 794 1202 868 pereunte

106 885 189 965 regie
200 885 358 948 educatum
371 885 519 966 probabile
531 890 592 962 ert)
603 887 752 948 anemiue
769 883 949 955 admonitor,
962 891 1060 944 tamen
1073 898 1142 942 oum
1155 897 1203 938 ra·

106 976 288 1046 condierime
303 977 421 1040 iorurne
433 998 507 1040 urur
518 987 610 1052 erret,
622 977 813 1038 bumruitutie
827 995 860 1038 re
872 973 998 1038 maxime
1012 991 1078 1034 erre
1092 989 1203 1032 memo·

107 1089 171 1132 rem
183 1081 315 1152 oportere
326 1071 450 1144 censuit,
461 1081 495 1134 et
509 1074 548 1133 ab
560 1071 595 1132 iir
607 1073 659 1151 qui
671 1071 810 1132 advertus
823 1071 918 1150 iprum
932 1067 963 1128 iu
977 1065 1041 1130 acie
1055 1071 1205 1136 atetenut,

109 1171 142 1224 et
152 1181 221 1222 cnm
238 1162 346 1243 quibur
359 1163 399 1224 de
416 1183 530 1227 aurnum
543 1181 639 1224 rerum
653 1162 845 1243 depugnant,
856 1161 908 1241 qui
926 1169 958 1221 et
974 1159 1087 1239 cujates
1105 1167 1207 1220 errant

109 1273 206 1334 neque
217 1255 384 1335 perquirere
395 1273 493 1334 neque
511 1254 634 1334 prodere
646 1274 737 1316 eueur
755 1274 763 1317 ι
782 1253 899 1326 etenim,
909 1261 943 1312 ut
955 1261 1087 1332 apparet,
1098 1267 1158 1312 uon
1172 1259 1207 1310 ut

109 1346 240 1426 plerique
253 1347 344 1408 ventri
355 1357 495 1419 oratorea,
503 1346 608 1408 eadem
621 1347 652 1408 iu
669 1364 773 1408 omues
787 1365 853 1408 erre
865 1343 910 1406 rel
927 1344 1012 1424 jueta
1021 1342 1070 1404 rel
1081 1341 1208 1402 boneata

108 1440 243 1517 putebat,
262 1439 317 1500 red
334 1439 568 1502 nuoneuabia
589 1438 742 1521 dignitatis
758 1439 846 1500 etiam
870 1435 940 1498 talia
961 1432 1157 1498 concludebat
1177 1441 1208 1495 et

108 1532 306 1594 decernebat·
338 1533 400 1592 Vor
411 1541 520 1606 tutem,
533 1535 584 1613 qui
597 1533 668 1596 artie
682 1533 891 1604 Athenium,
904 1539 934 1592 et
950 1527 1063 1590 liberali
1076 1523 1209 1587 doctrine

109 1624 257 1704 perpoliti,
275 1644 344 1702 qum
357 1624 491 1702 utupidor
504 1625 592 1686 etiam
610 1627 727 1686 efficere
739 1623 905 1686 tolerabiler
924 1629 1054 1702 putetur,
1074 1617 1211 1698 primum,

108 1717 194 1796 quud
212 1715 342 1776 omnium
362 1714 576 1794 iniquirrimum
596 1726 653 1788 ert,
672 1735 797 1795 querum
818 1733 915 1776 rerum
938 1721 1051 1791 patrem
1070 1717 1210 1772 acnuam

110 1806 244 1886 qnidam,
251 1807 290 1866 ub
301 1825 353 1868 ear
363 1806 439 1866 tilior
453 1808 483 1866 in
493 1807 614 1869 rinculu
624 1806 811 1884 coujeoirtirr
832 1815 921 1884 atque
934 1804 977 1884 ita
989 1821 1076 1883 ugare
1089 1800 1209 1881 perinde

110 1918 181 1960 erre
199 1898 307 1971 dicitie,
319 1917 357 1960 uc
368 1898 395 1960 ri
408 1898 607 1976 aqualitrtem
627 1901 657 1959 in
676 1899 858 1979 ponderibus
872 1907 925 1960 rut
943 1896 1088 1970 mensuris
1100 1914 1210 1974 quarra-

110 1991 196 2062 retir‚
205 2000 237 2052 et
247 2009 308 2050 non
326 1989 366 2052 de
377 1991 503 2052 virorum
516 1991 651 2054 instituto
664 1992 732 2053 vitre
745 2003 778 2054 ct
789 1993 901 2054 retioue
910 1989 1079 2072 reipublice
1092 1987 1211 2052 euurul·

111 2084 236 2145 taretirr
256 2083 289 2143 in
307 2102 366 2163 qua
378 2083 498 2164 quidem
515 2085 712 2165 inquiritione‚
726 2086 752 2147 ai
765 2085 844 2146 bonu
856 2094 889 2148 et
900 2083 1053 2166 popularis
1064 2095 1097 2142 et
1114 2082 1211 2144 rtud'uo

113 2178 297 2260 Reipublicre
314 2179 453 2258 juvandae
471 2190 611 2262 susceptu
629 2180 758 2262 Lycurgi
771 2191 838 2242 acta
850 2180 1038 2252 ridebuntur,
1051 2197 1110 2240 nun
1124 2177 1212 2238 modo

113 2273 199 2333 nullo
211 2271 287 2333 affici
300 2272 390 2345 malo,
402 2273 456 2333 red
469 2274 620 2354 quiburrir
637 2275 753 2336 arobir
769 2274 864 2336 ornari
884 2273 1035 2334 beneficiio
1055 2276 1118 2348 elur
1138 2271 1212 2332 libe·

113 2384 176 2437 ror,
187 2385 306 2445 aqum
327 2375 392 2436 ertr
411 2365 456 2426 riu
470 2366 625 2440 connerie,
643 2367 737 2438 illum,
757 2367 829 2428 dum
841 2365 961 2439 vireret,
978 2383 1082 2446 preuar
1093 2363 1214 2426 dodino
1310 2441 1313 2447 Ι

112 2457 254 2538 oportuit,
262 2457 319 2518 bor
330 2477 400 2518 reru
412 2477 451 2519 ne
463 2457 644 2538 sicquidem,
658 2453 777 2539 propter
791 2457 908 2538 objecta
919 2457 994 2538 patri
1008 2477 1027 2518 e
1040 2454 1213 2537 quibusdam

112 2549 248 2622 crimina,
261 2567 317 2630 par
326 2551 509 2611 iracundiam
519 2551 622 2630 plecti.
648 2552 793 2612 Omnibur
810 2552 888 2612 euim
900 2551 1029 2612 omnium
1042 2550 1214 2612 delirorum

113 2641 201 2721 quui
218 2651 298 2700 meta
308 2651 355 2702 ert
365 2641 473 2702 obitur.
513 2642 603 2711 Quod
621 2641 647 2704 ri
668 2643 728 2703 hoe
745 2642 824 2703 aritir
848 2642 955 2714 animo,
968 2651 1004 2702 ut
1014 2641 1103 2720 aliqui
1115 2641 1216 2721 pupuli

114 2731 261 2796 erudiorir
272 2733 339 2793 irati
356 2753 396 2794 ne
409 2752 477 2794 oum
487 2735 609 2796 mortuis
627 2735 746 2815 quidem
763 2735 794 2795 in
809 2734 932 2816 gratiam
946 2732 1078 2804 redeant.
1091 2733 1145 2793 red
1161 2733 1216 2792 ini·

114 2824 244 2888 micitia·
257 2825 345 2887 etiem
357 2825 397 2886 ud
410 2825 519 2886 liberor
532 2847 627 2906 uaque
647 2837 815 2908 propagent
826 2825 1002 2906 traduntque
1015 2825 1149 2905 portam,
1162 2843 1217 2904 po-

115 2917 209 3000 pnlur
231 2927 341 2992 eutem,
355 2918 439 2999 cajus
458 2919 579 2980 caurum
596 2921 706 3001 quique
729 2921 886 3000 populare·
905 2925 1009 3000 agunt,
1022 2918 1093 2978 dum
1113 2917 1217 2978 borum

114 3029 211 3093 opera
220 3011 322 3082 utitur,
333 3011 541 3073 beneficiorum
555 3012 727 3085 meminerit,
745 3022 850 3092 postea
870 3011 1056 3084 flooeifaciat,
1077 3010 1151 3072 nibil
1164 3010 1220 3070 erit

117 3103 256 3164 mireriur
267 3121 355 3183 qnam
368 3103 469 3185 populi
486 3105 561 3165 tueri
574 3114 684 3185 parter.
724 3105 815 3174 Quod
834 3105 858 3164 ei
877 3103 1037 3166 Moerouler
1049 3102 1220 3182 rerpundot,

118 3197 187 3258 buc
206 3197 355 3276 argutiora
366 3215 435 3257 erre
445 3215 535 3277 quam
548 3217 616 3275 que
627 3197 784 3277 intelligat,
796 3217 831 3258 oe
845 3217 915 3258 vero
926 3215 989 3270 eor,
1003 3207 1038 3257 ut
1054 3216 1093 3258 ue
1107 3194 1219 3275 effuge·

118 3299 197 3358 rent,
210 3290 241 3347 in
262 3307 410 3350 carcerem
432 3289 627 3370 compegisse,
642 3291 798 3369 queritote
822 3309 858 3351 er
881 3309 927 3362 eo,
951 3308 1016 3350 cum
1041 3289 1171 3350 Taureae
1189 3297 1220 3350 at

122 3378 260 3440 Parma
277 3390 310 3439 et
330 3379 515 3460 Aristogiton
534 3391 623 3462 utque
641 3381 703 3460 ipre
723 3380 755 3442 iu
774 3401 919 3442 carcerem
934 3379 1031 3442 traditi
1052 3399 1113 3441 nun
1128 3379 1221 3441 modo

121 3475 213 3536 vincti
224 3493 286 3534 nou
296 3474 407 3535 fuerint
418 3475 473 3534 eed
487 3488 518 3536 et
529 3475 688 3537 conciones
700 3476 865 3548 habuerint,
887 3495 941 3538 cur
954 3476 1039 3538 irtam
1050 3477 1221 3554 requirerem

121 3585 182 3628 uon
195 3567 388 3646 perspexerit.
429 3566 482 3627 Sin
499 3587 533 3627 re
551 3577 614 3627 tum
626 3568 800 3648 magirtratn
812 3568 930 3649 quidem
943 3585 1009 3628 erre
1024 3568 1157 3628 functum
1177 3567 1221 3626 di·

122 3671 181 3731 oec,
195 3660 251 3720 aed
270 3659 417 3720 urationer
437 3659 468 3718 in
490 3659 610 3739 publico
632 3679 693 3720 uon
706 3661 856 3734 babuirre,
870 3660 960 3738 idque
981 3659 1155 3740 permirum
1169 3659 1223 3720 ribi

121 3751 217 3815 iniere
229 3751 364 3832 legibur:
383 3771 503 3831 eequum
524 3769 593 3813 erre
615 3753 666 3832 qui
688 3763 798 3833 potent,
819 3763 853 3812 nt
873 3751 1045 3831 mugientem
1062 3751 1224 3830 iungantur

124 3843 166 3919 bi,
178 3845 389 3925 quibusverba
409 3844 506 3904 fecere
528 3861 588 3905 uon
611 3844 691 3918 licet,
713 3845 757 3906 illi
771 3863 841 3906 vero
860 3845 891 3904 iu
914 3844 1039 3904 vinculis
1057 3853 1223 3922 teneantur,

124 3957 249 4018 quonum
263 3938 302 3998 de
317 3939 400 3998 vobio
414 3955 495 4016 crepe
506 3939 583 3997 bene
599 3938 718 3998 meritur
735 3939 792 3999 fnit
803 3933 908 4018 prtrr'i
937 3938 1002 4018 Ego
1021 3936 1141 4016 quidem
1160 3935 1224 3996 hmr

126 4030 305 4111 conjungere
324 4041 356 4090 et
372 4029 550 4091 concludere
573 4050 633 4091 uon
663 4051 803 4111 porrum:
837 4030 892 4090 uiri
911 4029 970 4095 bon
992 4028 1111 4108 publice
1137 4027 1225 4088 vultis

126 4123 294 4194 mandere,
305 4133 338 4184 et
360 4123 535 4185 vecordiam
558 4133 591 4202 et
610 4123 818 4204 impudentiam
836 4133 868 4183 et
886 4121 1101 4184 affectationem
1120 4120 1226 4202 impro-

129 4217 227 4277 bituu'r
240 4217 271 4275 iu
284 4216 403 4277 civitate
415 4216 513 4277 valere
525 4227 557 4277 et
568 4219 710 4298 mojorem
730 4217 840 4278 babere
853 4233 933 4301 spem
947 4215 1167 4289 incolumitrtir,
1180 4235 1227 4289 uu,

129 4308 233 4388 siquid
246 4327 334 4370 oacur
344 4308 494 4381 occiderit,
507 4309 582 4370 tales
595 4309 724 4378 abrolri3
738 4309 888 4370 meliorem
906 4319 1004 4370 eutem
1018 4308 1092 4369 tueri
1112 4317 1226 4388 purtem

130 4400 277 4482 «iramque
298 4402 461 4464 modestum
473 4413 505 4462 ct
523 4403 695 4484 popularem
711 4403 865 4466 instituere
881 4402 1078 4484 periculorum
1091 4421 1167 4474 eure,
1182 4421 1229 4474 ec,
