2967 5017
258 319 321 380 694
568 313 790 380 ADVERSUS
811 317 1047 384 POLYGLBM.

256 482 397 556 tempato,
411 491 479 536 eum
496 473 536 534 ad
550 493 655 535 narem
675 493 735 536 non
754 475 875 550 veniret,
887 487 919 538 et
929 474 1114 557 quantalpse
1126 473 1257 556 pericula
1273 475 1347 536 nub⁴

256 567 339 628 ierim
355 577 416 627 tum
434 577 641 647 tempestatum
657 577 719 628 tum
732 567 871 628 hosfium.
912 568 987 630 Post
998 569 1075 629 enim
1089 568 1233 649 perducta
1246 567 1347 627 Maro-

256 659 464 740 neamnarigia
474 679 541 720 cum
552 660 680 722 'lbasum
690 661 1133 742 pervenissemus,eoprofectus
1143 660 1350 722 'limomacbus

256 771 354 812 rursus
367 752 543 832 perducebat
562 771 627 814 cum
641 753 754 813 Thasii·
774 755 911 834 Strymen
924 754 1100 814 frumentum
1112 764 1143 812 et
1159 762 1301 825 scutatos,
1315 763 1351 811 ut

256 843 322 924 ipse
342 843 440 904 locum
460 844 541 903 illum
564 855 772 926 occupaturus.
822 846 897 906 Cum
921 865 990 906 vero
1011 845 1167 906 Maronitas
1184 843 1283 905 classe
1304 843 1349 904 in.-

257 947 370 998 atructa
382 938 533 998 nobiscum
547 937 585 998 de
597 957 633 998 eo
646 937 712 998 loco
722 937 885 998 dimicaturi
897 947 1043 1011 ostentet
1052 937 1158 997 milites
1170 936 1351 1016 longanari·

257 1029 375 1109 flatione
387 1029 499 1109 fatigati
513 1049 602 1091 nares
616 1031 714 1090 'l'haso
734 1031 871 1109 Strymen
887 1031 1044 1102 traherent,
1057 1040 1089 1089 et
1100 1028 1203 1109 hyems
1215 1040 1307 1103 esset,
1319 1040 1354 1090 et

185 1159 196 1176 .
256 1122 341 1184 loeus
355 1133 469 1202 portum
482 1143 543 1182 non
555 1122 685 1196 baberet,
694 1141 751 1183 nec
761 1122 939 1184 aescendere
953 1134 985 1182 et
997 1141 1112 1182 coemre
1126 1120 1155 1178 in
1166 1120 1266 1180 basuli
1277 1141 1351 1200 agro

257 1214 370 1285 liceret,
392 1233 427 1276 ac
440 1233 553 1274 murum
568 1215 694 1294 undique
706 1225 737 1276 et
753 1216 922 1275 mercenarii
936 1215 1040 1274 militas
1057 1225 1090 1273 et
1101 1213 1216 1274 barbari
1235 1213 1351 1273 finitimi

257 1306 504 1373 circumsiderent.
526 1321 647 1367 necesse
666 1308 722 1366 init
741 1307 774 1368 in
795 1306 929 1367 anchoris
946 1307 979 1366 in
991 1305 1051 1366 alto
1069 1306 1211 1366 fluctuare
1230 1315 1351 1365 noctem

257 1399 337 1461 illam
350 1401 510 1460 incoenatns
531 1409 561 1460 et
573 1398 733 1473 insomnes,
749 1411 780 1461 et
799 1400 938 1460 excubias
952 1400 1071 1472 babere,
1084 1418 1124 1459 ne
1137 1399 1350 1460 Maronitarum

257 1494 388 1556 triremes
401 1503 492 1554 noctu
505 1512 542 1552 ex
555 1493 666 1554 insidiis
680 1493 821 1573 impetum
843 1495 873 1552 in
893 1513 948 1554 noa
967 1494 1097 1554 facerent
1110 1504 1251 1572 praeterea
1261 1493 1354 1553 fiebat

235 1617 239 1624 -
256 1595 357 1660 noctu,
371 1597 489 1665 propter
502 1584 571 1644 anni
584 1595 709 1665 tempus,
724 1596 757 1645 ut
769 1584 877 1665 pluviae
886 1596 917 1646 et
930 1584 1058 1646 tonitrua
1070 1595 1102 1644 et
1113 1595 1217 1645 ventus
1226 1602 1355 1664 magona

257 1679 494 1751 orbatum-bac
514 1680 590 1739 enlm
611 1680 665 1740 sub
689 1679 786 1761 ipsum
806 1679 959 1740 Pleiadum
972 1697 1110 1740 occasum
1128 1679 1210 1739 l'acta
1230 1687 1351 1751 sunt—,

257 1791 330 1851 quaa
343 1773 382 1832 ob
395 1791 442 1832 res
455 1773 484 1831 in
497 1792 585 1852 quam
607 1774 696 1834 animi
717 1773 919 1853 egritudinem
941 1791 1000 1832 non
1021 1771 1159 1832 incidisse
1179 1770 1284 1831 milites
1298 1790 1352 1830 ex·

257 1863 409 1924 nunaunt
430 1882 517 1943 quam
536 1865 641 1925 multos
656 1886 675 1925 a
686 1886 732 1926 me
742 1876 847 1945 postea
859 1865 1008 1944 aufugisse
1021 1884 1122 1924 rursus
1135 1874 1263 1923 veterum
1276 1881 1351 1923 nau-

257 1963 362 2029 tarum,
376 1973 442 2016 cum
455 1966 485 2015 et
494 1975 616 2034 magnas
637 1976 782 2016 mmmnas
796 1956 962 2029 tolerarent,
976 1967 1007 2014 et
1027 1975 1124 2034 operm
1144 1955 1239 2035 pretia
1261 1975 1353 2034 parva

258 2050 398 2119 lacerent,
415 2047 684 2126 quantumscilicet
696 2066 752 2126 ego
766 2047 808 2107 eis
827 2047 866 2106 nd
884 2047 935 2106 illa
952 2066 1019 2126 qum
1038 2047 1118 2126 prius
1130 2066 1150 2106 a
1163 2067 1208 2106 me
1222 2047 1352 2108 abstule-

257 2153 323 2202 rant
331 2149 464 2201 mutuare
474 2141 624 2220 poteram?
638 2141 715 2201 Nam
726 2141 787 2200 dux
797 2159 835 2199 ne
844 2139 876 2198 id
885 2139 1003 2218 quidem
1013 2139 1092 2219 qood
1102 2139 1141 2200 ad
1150 2140 1352 2218 quotidianam

259 2233 424 2294 alimoniam
446 2234 602 2313 pertineret
624 2232 840 2312 suppeditabat,
861 2243 892 2292 et
910 2233 974 2311 jam
998 2242 1057 2290 tres
1075 2249 1191 2290 menses
1218 2230 1353 2310 legitimo

258 2330 438 2410 praefecturae
452 2327 575 2405 tempori
588 2326 760 2406 adjeceram,
772 2335 804 2386 et
820 2345 887 2385 cum
905 2324 962 2384 iste
979 2324 1110 2383 nondum
1123 2323 1163 2383 ad
1180 2343 1284 2383 narem
1300 2347 1352 2387 re·

256 2421 342 2494 niret,
354 2439 411 2498 ego
425 2419 455 2478 in
469 2417 648 2479 desertorum
660 2417 759 2479 locum
773 2426 879 2478 nautas
890 2417 1102 2489 conducebant,
1116 2427 1217 2477 mutuo
1230 2429 1352 2500 sumpta

257 2529 393 2592 pecunia.

299 2607 328 2662 7.
350 2602 412 2662 Soli
424 2612 522 2664 autem
536 2603 612 2664 istie
626 2607 738 2666 canteris
753 2607 971 2669 successoribus
983 2608 1066 2669 nulla
1082 2607 1250 2687 relinquitur
1262 2627 1353 2668 exem

259 2693 343 2766 ratio,
357 2714 409 2781 cur
419 2715 477 2755 non
491 2696 584 2756 multo
595 2707 661 2757 ante
675 2698 713 2757 ad
726 2718 830 2759 navem
842 2701 963 2760 venerit.
998 2701 1163 2768 Euctemon
1176 2705 1253 2762 enim
1262 2702 1353 2762 semi·

257 2788 397 2858 centurio,
416 2797 449 2848 nt
463 2807 501 2848 ex
521 2787 716 2869 Hellesponto
735 2801 854 2871 propter
873 2794 1008 2853 morbum
1030 2794 1150 2854 domum
1169 2804 1216 2852 est
1235 2794 1351 2866 musas,

256 2878 481 2958 quamprimum
496 2881 609 2960 appulit
622 2891 652 2942 et
665 2883 757 2942 audiit
769 2883 857 2942 istum
868 2883 938 2942 mibi
947 2883 1148 2945 successorem
1159 2885 1272 2959 datum,
1282 2907 1352 2947 cum

259 2971 348 3032 sciret
355 2971 417 3051 jam
432 2983 464 3032 et
475 2972 570 3034 exisse
584 2983 699 3053 tempus
712 2974 894 3053 profecturae
907 2995 991 3051 mem,
1004 2987 1035 3037 et
1054 2998 1102 3038 me
1115 2979 1177 3058 jam
1197 2979 1274 3039 ultra
1292 2989 1354 3039 ter-

258 3065 369 3124 minum
392 3066 507 3134 abesse,
522 3065 651 3126 adhibito
667 3066 757 3125 Dinia
775 3085 878 3125 socero
898 3087 975 3141 meo,
991 3089 1058 3128 eum
1076 3070 1106 3130 in
1120 3070 1260 3150 Digmate
1278 3090 1352 3132 cou-

258 3155 349 3228 renit,
362 3167 393 3215 et
405 3157 617 3234 quamprimum
632 3155 670 3215 ad
684 3176 788 3216 navem
801 3157 880 3218 abire
888 3159 986 3234 jussit,
994 3160 1143 3241 impensas
1156 3163 1273 3224 enimin
1287 3163 1352 3224 dies

259 3246 392 3325 singulos
406 3265 528 3325 magnas
541 3247 612 3318 fieri,
630 3258 737 3328 prester
750 3262 945 3311 commeatum
958 3253 1008 3332 qui
1021 3273 1040 3314 a
1052 3253 1128 3315 duce
1141 3255 1171 3315 in
1181 3275 1286 3317 narem
1298 3256 1355 3317 da·

258 3347 354 3406 retum
376 3357 412 3398 ac
430 3339 596 3418 siugulatim
610 3341 637 3402 ei
655 3345 901 3418 commemorarit,
915 3365 982 3424 quae
1004 3348 1156 3410 mercedes
1178 3349 1301 3429 remigio
1321 3363 1355 3411 et

258 3429 399 3491 militibus
411 3430 441 3490 in
457 3431 588 3511 singulos
607 3454 724 3497 menses
743 3448 974 3513 numerarentur,
989 3461 1055 3521 quas
1074 3443 1172 3504 nautis
1192 3463 1266 3522 quos
1288 3445 1353 3525 ipse

258 3523 415 3605 Lampsaci
429 3525 628 3599 conduxisset,
641 3549 709 3608 qum
721 3529 757 3589 iis
770 3531 820 3609 qui
835 3531 865 3590 in
878 3531 1061 3594 desertorum
1074 3535 1171 3596 locum
1189 3537 1353 3598 inscendis-

259 3628 336 3691 sent,
355 3629 550 3698 praetereaque
570 3621 641 3700 quid
657 3632 798 3684 veterum
810 3635 964 3686 nautarum
986 3627 1109 3706 singolis
1128 3638 1247 3709 rogatus
1268 3630 1355 3690 addi-

260 3713 379 3784 dissem,
392 3721 546 3791 postquam
566 3713 636 3774 mibi
658 3715 840 3793 praefecturae
853 3719 966 3780 naualis
985 3721 1049 3781 dies
1070 3720 1190 3795 exisset,
1202 3733 1234 3782 et
1245 3734 1354 3784 caetera

260 3805 368 3884 quaein
386 3825 490 3866 narem
509 3807 640 3886 quotidie
661 3809 907 3888 impenderentur,
923 3833 991 3892 quae
1009 3835 1070 3875 non
1092 3815 1257 3894 ignorabat.
1297 3817 1354 3877 Per

259 3917 326 3958 eum
341 3898 427 3972 eninr,
442 3899 512 3959 dum
527 3901 800 3962 seminenturionem
813 3915 924 3982 ageret,
938 3908 1191 3968 etemebantoret
1203 3909 1353 3988 expende·

259 3990 365 4050 bantur
378 3992 484 4051 omnia.
527 3991 573 4052 De
586 3994 771 4054 armamentis
783 4014 880 4076 porro,
901 4015 949 4056 me
967 3998 1100 4078 privatim
1115 4019 1152 4061 ea
1165 4001 1274 4062 babere
1291 4011 1353 4063 ete

259 4083 378 4162 publico
390 4082 460 4142 nihil
475 4083 623 4163 accepisse
641 4085 750 4146 retulit.
792 4087 865 4146 Earn
881 4087 980 4166 igitur,
991 4089 1098 4170 inquit,
1112 4074 1184 4152 inito
1201 4092 1354 4168 rationem,

258 4183 294 4234 ut
318 4183 369 4232 aut
391 4175 428 4236 ab
450 4195 485 4236 eo
508 4176 558 4238 illa
579 4177 726 4256 impetres,
745 4188 798 4239 aut
818 4192 997 4243 momenta
1016 4185 1132 4263 privata
1146 4183 1217 4246 bine
1239 4185 1356 4246 afferas.

259 4265 398 4326 Arbitror·
410 4279 506 4328 autem
519 4268 546 4328 ei
559 4269 643 4330 facile
666 4281 766 4331 tecnm
783 4284 1013 4335 conventurum:
1033 4275 1095 4337 illic
1106 4278 1184 4337 enim
1197 4281 1354 4356 pecuniam

260 4357 358 4430 debet,
371 4377 457 4436 quam
471 4359 633 4423 dissolvere
646 4364 727 4426 volet
740 4364 779 4424 de
790 4361 1149 4445 pretio'armamentorurn.
1177 4371 1234 4431 llis
1247 4373 1303 4433 iste
1315 4395 1354 4434 ex

260 4450 442 4512 Euctemone
456 4463 485 4510 et
498 4451 588 4514 Dinia
601 4475 703 4518 socero
717 4479 783 4520 meo
796 4459 914 4536 nubtis,
924 4459 961 4522 ad
974 4479 1011 4524 ea
1022 4462 1125 4542 quael
1134 4462 1269 4526 dixeram
1281 4465 1354 4526 nibil
