2967 5017
444 331 920 404 ιιιιοιιιιιιιοοιιιιοιιιιιι.ι
1170 297 1233 400 aas

137 478 248 564 essem,
255 509 308 552 vos
317 483 459 554 dicendo
455 511 522 556 ιιοιι
528 513 597 556 esse
610 487 817 556 obtundendos
827 503 977 574 putarem
994 510 1057 573 Jsrn
1068 483 1152 553 ιιιιιιιι
1162 509 1228 571 qur

136 575 208 642 dem
229 583 342 656 auditu,
364 583 417 645 sed
436 585 550 667 evulgi
574 586 792 668 exspectatione
819 605 938 666 prorsus
966 583 1159 661 abhorrenda,
1181 601 1229 644 me

134 669 266 735 dicenda
287 675 397 738 habere
418 688 501 759 puto.
557 679 620 740 Res
643 688 742 739 autem
761 678 862 758 paucis
887 676 1070 758 expedietur
1119 673 1232 736 Audita

134 763 228 844 igitur
240 786 276 828 ee
287 779 318 829 et
328 769 533 851 dijudicata,'
511 793 536 832 ιι
548 772 631 832 vobis
643 771 795 852 plaucerit,
808 770 933 831 utimini.¹
973 771 1012 830 Et
1027 761 1125 841 b'reve,
1137 765 1229 828 Athis·

135 855 265 931 nienses,
288 870 319 922 et
339 881 456 942 oequum
477 883 591 924 sumam
613 862 753 924 orationis
775 862 940 936 exordium,
955 881 1050 943 neque
1070 861 1168 922 omnia
1185 858 1229 920 di-

135 967 214 1009 eam.
264 951 335 1032 Ejus
358 955 435 1015 enim
456 955 574 1035 quivos
598 956 738 1036 deceptos
752 954 823 1014 velit
848 973 913 1014 esse
937 965 1020 1034 puto,
1043 954 1228 1015 considerare

135 1061 197 1122 quo
220 1054 308 1140 pacto
324 1065 377 1106 vos
399 1047 547 1109 auditores
560 1048 670 1109 alliciat
690 1059 721 1108 et
738 1047 848 1127 negotii
866 1047 1067 1107 difficultatem
1081 1055 1229 1126 conteget,

134 1135 201 1227 ejus
213 1154 281 1196 vero
299 1138 398 1215 quiin
418 1140 548 1200 animum
565 1139 714 1200 induxerit
725 1141 806 1200 bone
827 1139 886 1198 tide
902 1138 1054 1200 vobiscum
1072 1148 1160 1220 egere
1171 1139 1229 1200 hoc

134 1244 212 1298 esse,
225 1228 349 1307 primum
362 1239 396 1290 ut
414 1231 503 1302 dicat,
518 1231 659 1335 quidnam
672 1249 739 1292 cum
758 1231 817 1290 huc
834 1229 966 1311 prodiret
988 1231 1127 1293 senserit·
1148 1243 1190 1305 ut,
1205 1230 1230 1292 si

133 1336 173 1378 eo
186 1318 288 1382 audito
301 1329 368 1401 post
379 1322 597 1428 reliquamque
611 1323 786 1383 senteutiam
803 1322 904 1383 audire
917 1323 1022 1396 velitis,
1035 1335 1066 1383 et
1080 1324 1187 1384 doceat
1199 1333 1230 1385 et

133 1420 265 1490 uponat
276 1431 313 1472 ea
322 1431 389 1491 quas
398 1413 509 1492 optima
520 1413 575 1493 ipsi
587 1414 651 1476 visa
663 1414 840 1488 fuerintne
853 1415 1029 1496 improbetis,
1039 1425 1073 1476 ut
1086 1415 1229 1494 quiescat,

133 1520 234 1580 neque
259 1503 308 1565 vei
331 1504 416 1564 robis
440 1505 479 1565 sit
504 1505 645 1566 molestus
667 1507 714 1567 vel
733 1507 920 1588 semetipsum
943 1497 1051 1568 frustra
1076 1506 1227 1585 defatiget.

133 1593 267 1653 Primum
289 1604 387 1655 autem
404 1596 462 1657 hoc
480 1598 558 1658 dico.
600 1597 677 1658 Mihi
692 1599 927 1678 Mitylenaeorum
948 1600 1056 1679 populo
1070 1599 1150 1659 iacta
1161 1617 1229 1660 esse

132 1685 252 1744 videtur
272 1685 387 1762 injuria,
400 1687 545 1767 vestrique
563 1708 630 1748 esse
648 1687 732 1748 officii
754 1699 856 1749 utros
877 1708 978 1749 eorum
994 1689 1086 1749 vicem
1104 1687 1228 1750 ulcisca-

132 1771 227 1838 miuI:
246 1779 398 1859 quodque
410 1792 499 1860 pecto
511 1781 575 1840 fieri
589 1781 705 1854 debest,
719 1783 816 1842 dicere
831 1781 903 1840 mihi
914 1801 1001 1860 posse
1015 1781 1124 1853 videor,
1134 1783 1184 1842 ubi
1197 1793 1228 1842 et

132 1867 398 1934 affectoseosesse
407 1872 523 1954 injuria,
534 1883 568 1934 et
576 1874 682 1936 decere
690 1893 744 1936 vos
754 1883 788 1934 ut
796 1893 861 1935 eam
871 1873 1207 1949 vindicetisostendero.

611 2056 757 2119 XXXVI.

176 2169 305 2232 Primum
318 2192 378 2234 ιιοιι
391 2172 466 2235 adeo
476 2175 580 2235 mirum
590 2182 647 2244 est,
661 2171 869 2250 Athenienses,
879 2171 1032 2234 consilium
1045 2167 1157 2230 damris
1169 2189 1228 2230 nou

133 2281 201 2323 esse
216 2264 302 2324 facile
324 2265 414 2326 verba
434 2265 543 2328 facere.
595 2266 670 2326 Cum
692 2264 769 2325 enim
787 2265 906 2344 negotia
927 2261 1091 2342 dequibus
1119 2258 1229 2322 delibe-

131 2355 258 2414 randum
275 2367 323 2416 est
341 2356 418 2418 male
441 2377 473 2416 se
493 2359 614 2430 habent,
631 2355 738 2417 arduas
758 2375 822 2416 esse
845 2373 965 2415 necesse
987 2363 1034 2413 est
1053 2353 1141 2414 etiam
1162 2372 1228 2413 sus·

132 2457 236 2524 ceptus
251 2447 289 2507 de
303 2449 358 2508 iliis
377 2449 539 2511 suasiones.
581 2449 671 2518 Quod
688 2448 713 2509 si
731 2467 767 2507 ea
783 2456 938 2529 propterea
950 2443 1030 2525 quod
1048 2445 1148 2506 audire
1167 2464 1227 2505 ιιοιι

131 2538 222 2599 vultis
234 2540 355 2601 meliors
368 2542 429 2602 iore
442 2561 511 2621 spes
525 2553 581 2616 est,
599 2543 656 2602 hoo
671 2543 719 2621 agi
732 2541 839 2601 decet:
860 2541 904 2601 siu
927 2540 981 2600 isto
998 2549 1087 2620 pacto
1101 2549 1135 2600 ut
1146 2537 1228 2600 dete·

131 2630 211 2689 riora
224 2631 331 2703 omnis,
344 2633 387 2693 sie
398 2633 502 2693 melius
524 2633 596 2693 nihil
614 2635 674 2706 fiet,
688 2653 827 2712 quorsum
841 2634 954 2704 affluet,
968 2645 1001 2693 ιιι
1021 2653 1056 2694 ea
1076 2633 1229 2694 deterrima

130 2725 207 2785 flant
216 2725 380 2799 admittere,
397 2747 432 2789 ac
446 2738 509 2789 tum
530 2739 561 2788 et
573 2739 642 2809 post
653 2729 769 2808 longius
786 2741 901 2808 tempus
923 2737 954 2788 et
974 2729 1120 2790 difficilius
1136 2729 1173 2789 de
1186 2729 1229 2790 eis

130 2820 322 2881 restituendis
337 2822 480 2896 laborare,
494 2841 562 2883 cum
582 2822 682 2882 ιἰοοιει
699 2822 757 2882 hoc
773 2831 852 2882 statu
866 2822 1022 2883 etiamnum
1037 2839 1073 2882 ea
1086 2821 1228 2900 corrigere

132 2922 162 2972 et
176 2911 299 2972 reddere
312 2913 456 2974 meliorat
475 2913 550 2985 Vos,
564 2913 634 2973 dum
648 2914 690 2974 ita
702 2913 851 2973 vobiscum
866 2914 970 2992 agitur,
989 2931 1056 2972 esse
1068 2911 1227 2972 iracundos

131 3013 364 3063 consentaneum
388 3014 455 3064 est:
475 3005 559 3065 irasci
583 3014 681 3065 autem
706 3025 765 3064 ιιοιι
788 3005 918 3064 sontibus
932 3004 985 3063 sed
1000 3005 1112 3081 absque
1126 3001 1229 3063 discri-

132 3097 213 3156 mine
235 3097 380 3168 omuibus,
403 3097 433 3157 id
456 3117 524 3158 vero
550 3117 647 3177 neque
667 3107 893 3158 consentaneum
917 3115 1013 3174 neque
1036 3106 1147 3156 rectum
1170 3089 1227 3156 es't.

133 3182 192 3254 Q'ui
215 3189 293 3250 enim
317 3190 529 3268 praeteritarum
547 3208 644 3249 rerum
668 3209 759 3250 causa
778 3208 838 3249 ιιοιι
854 3189 984 3260 fuerunt,
1007 3199 1037 3248 et
1059 3207 1118 3268 quo
1138 3194 1230 3269 pecto‘

133 3279 245 3359 reliqua
257 3281 443 3343 emendanda
467 3283 527 3342 sint
550 3282 649 3343 dicere
665 3294 803 3361 possunt,
814 3282 918 3362 ¹gratia
930 3290 1028 3344 vestra
1048 3291 1117 3342 sunt
1131 3281 1227 3362 potius

133 3391 222 3451 quern
235 3374 303 3433 odio
314 3373 414 3454 digni:
434 3395 520 3455 quos,
532 3375 558 3435 si
570 3376 734 3456 importune
749 3375 913 3456 rejeceritis,
927 3397 1031 3456 segnes
1053 3375 1091 3436 ed
1105 3395 1227 3456 surgen·

132 3463 202 3523 dum
217 3464 356 3526 reddetis.
392 3467 566 3547 Quanquam
579 3477 678 3528 autem
688 3486 747 3528 ιιοιι
761 3469 872 3548 ignoro,
885 3489 964 3548 saepe
979 3487 1039 3529 ιιοιι
1049 3469 1227 3542 auctoribus,

69 3546 75 3558 ’
134 3557 185 3616 sed
198 3557 244 3617 his
258 3557 308 3637 qui
321 3559 403 3618 iratis
415 3556 618 3630 adversantur,
632 3559 700 3620 maii
710 3559 857 3640 quippiam
869 3560 1000 3620 accidere
1011 3559 1114 3630 solere,
1128 3571 1226 3620 tamen

134 3648 171 3708 ad
194 3650 325 3710 dandum
347 3650 500 3712 eonsilium
520 3651 640 3712 surrexi.
689 3653 816 3713 Confido
838 3653 924 3725 enim,
945 3652 1151 3722 Athenienses,
1178 3669 1226 3712 me

134 3741 241 3804 nuliius
255 3743 325 3804 maii
344 3763 465 3805 eausam
478 3755 624 3824 repertum
636 3743 681 3816 iri,
695 3755 726 3806 et
739 3745 859 3806 meliore
872 3745 955 3805 robis
974 3763 1061 3825 quem
1075 3743 1147 3804 alios
1159 3761 1226 3804 sua·

136 3833 204 3896 dere
216 3856 318 3917 posse.

599 3967 759 4027 XXXVII.

175 4083 300 4164 Ee'qute
313 4085 493 4157 acciderunt,
509 4083 714 4159 Athenienses,
728 4083 799 4146 talia
818 4053 1014 4164 sunh'qualia
1027 4101 1127 4143 omnes
1141 4083 1225 4144 audi-

136 4173 226 4236 vistis.
268 4177 373 4256 Neque
390 4196 459 4237 vero
472 4196 526 4237 vos
538 4178 731 4237 consternatis
751 4176 854 4238 animis
877 4195 943 4238 ease
957 4175 1052 4249 decet,
1066 4176 1225 4256 presertim

139 4283 203 4327 eum
216 4271 315 4331 scIatis
327 4269 562 4351 desperationem
580 4290 677 4350 neque
698 4271 786 4330 rebus
805 4268 875 4350 ipsis
894 4268 1081 4330 commodare
1099 4278 1131 4329 et
1143 4270 1227 4329 vobis

139 4374 205 4419 esse
225 4361 393 4442 indignam:
414 4361 468 4423 sed
482 4361 564 4423 robis
586 4362 658 4443 ipsis
678 4381 715 4421 ea
734 4360 907 4440 corrigenda
920 4371 1033 4442 putare,
1046 4361 1076 4422 id
1089 4370 1120 4422 et
1138 4361 1226 4420 officii

141 4467 204 4513 esse
215 4455 305 4517 rastri
317 4465 349 4516 et
359 4466 456 4518 vestra
465 4455 588 4535 dJ'g'uum
609 4453 782 4517 auctoritate
795 4454 948 4516 videbitur.
976 4454 1121 4518 Convenit
1130 4463 1226 4514 autem
