2967 5017
446 307 667 371 ADVERSUS
689 304 920 371 POLYCLEM.
1169 310 1231 374 ⁶9⁵

141 459 309 540 respondite
339 459 391 522 sed
414 481 480 522 cum
508 463 566 525 risu
587 463 695 526 dixisse
721 465 823 540 fertur,
849 463 968 526 blodo
996 481 1079 525 mus
1104 467 1232 545 picem

135 563 292 632 gustat,
323 553 435 615 facetus
448 557 525 616 euim
543 575 609 618 esse
622 558 724 622 voluit.
764 558 866 628 Quum
882 566 981 627 antem
996 556 1185 620 Euctemonis
1201 553 1254 623 er

80 655 85 666 ·
142 643 241 704 Dinise
251 644 347 706 verbis
360 646 431 708 nibil
443 659 616 722 moveretur,
628 661 730 730 postas
743 669 843 712 rursus
853 670 921 711 enm
930 649 1109 712 conueniunt
1121 649 1233 731 Pytho·

142 736 232 798 dorus
259 737 453 800 Achamausis
476 751 506 800 et
532 741 728 822 Apollodorus
759 743 966 816 leuconensis,
991 742 1148 804 familiares
1174 742 1233 803 mei

143 841 230 910 etque
243 831 346 900 amicir
368 841 398 892 et
418 833 456 894 ad
470 853 575 894 narem
593 836 674 896 abire
682 836 800 915 jubent,
815 845 849 896 ut
866 854 1076 906 successorem,
1091 835 1174 894 etde
1187 853 1236 894 ars

142 925 294 984 mamantis
314 927 341 984 ei
364 935 491 998 nemum,
508 946 555 986 me
578 927 711 1009 privatim
729 927 838 988 habere
860 927 969 1001 omnia,
981 927 1132 1007 publicum
1151 925 1233 988 nibil.

80 1045 83 1049 ·
145 1014 234 1083 Quod
247 1016 271 1075 si
283 1016 340 1078 illis
354 1018 396 1077 uti
409 1019 500 1092 soles,
514 1019 653 1098 relinque,
664 1021 808 1099 inquiunt,
819 1020 970 1100 pecuniam
983 1019 1042 1092 bio,
1050 1039 1146 1099 nequa
1158 1021 1235 1100 peri·

144 1105 213 1166 culo
227 1109 311 1168 maris
326 1109 485 1182 committe,
499 1110 569 1171 illuc
585 1110 736 1172 vehendo:
757 1112 847 1191 idque
862 1131 898 1172 ea
916 1111 953 1172 de
969 1130 1061 1172 causa
1078 1111 1234 1184 faciebant,
1336 1107 1340 1113 ’

142 1207 178 1256 ut
191 1197 259 1257 mihi
273 1199 447 1259 redimerent
458 1200 612 1279 predium,
627 1201 748 1262 redditis
761 1203 916 1264 Archeneo
929 1211 961 1262 st
973 1201 1171 1282 'lbrusylooho
1184 1202 1236 1264 tri·

143 1289 227 1366 gluto
239 1290 335 1350 minis.
356 1289 405 1348 De
419 1303 660 1352 armamentorum
672 1303 769 1352 eutem
782 1294 928 1354 attritione
937 1293 1124 1355 uolueruntei
1135 1293 1234 1355 literas

144 1379 214 1440 dare
237 1391 268 1440 et
291 1379 346 1460 ipsi
366 1381 509 1460 spondere
530 1402 582 1461 pro
605 1402 662 1455 me,
677 1384 739 1442 lore
761 1385 918 1445 utendum
937 1405 1050 1446 mecum
1069 1385 1235 1446 conditione

144 1474 327 1554 transigeret,
343 1493 401 1553 qun
423 1484 465 1546 et,
475 1473 575 1553 reliqui
598 1475 755 1534 triremium
771 1476 903 1555 proiecti
920 1497 988 1537 cum
1003 1476 1235 1537 successoribus.

143 1563 220 1626 Hoec
234 1585 252 1626 a
265 1584 312 1624 me
326 1583 392 1624 sere
406 1564 463 1625 dici
477 1576 509 1625 ut
521 1575 647 1640 constet,
661 1565 827 1628 testimonia
839 1568 921 1628 subis
936 1568 1144 1628 recitabuntur.

556 1781 823 1844 TESTIMONIA.

185 1936 216 1994 8.
236 1933 342 1994 Multis
359 1942 457 1996 sutem
477 1953 524 1994 me
544 1935 627 1996 vobis
641 1935 820 2017 argumentis
839 1945 1025 1997 ostensurum
1044 1947 1128 2016 puto,
1148 1935 1237 2020 Poly-

142 2026 219 2086 clem
236 2045 332 2106 neque
355 2037 426 2087 tuuc
448 2026 479 2086 in
499 2027 595 2088 animo
614 2028 752 2090 habuisse
768 2047 873 2089 navem
886 2047 905 2088 s
918 2047 965 2088 me
978 2029 1120 2108 accipere,
1132 2050 1238 2111 neque,

143 2129 300 2199 postquem
313 2121 424 2181 euobis
438 2129 469 2180 et
481 2119 598 2182 decreto
611 2130 708 2182 restro
719 2131 840 2182 coaetus
850 2121 949 2182 estad
958 2139 1061 2182 navem
1071 2122 1161 2196 ubire,
1170 2141 1238 2184 curu

141 2212 330 2284 coacuisset,
344 2211 472 2272 voluisse
486 2211 556 2272 mihi
571 2213 600 2272 in
617 2215 785 2274 trierarchie
806 2214 975 2275 succedere.
1016 2213 1094 2273 Nam
1107 2214 1237 2276 'lbasum

143 2304 194 2364 ubi
206 2304 295 2375 venit,
308 2324 356 2364 me
373 2305 436 2385 jans
457 2315 593 2390 quqrtum
608 2327 737 2368 mensem
759 2309 838 2368 ultra
856 2307 1011 2368 terminum
1033 2307 1238 2386 prefecturam

144 2407 273 2476 gerente,
286 2417 343 2476 ego
353 2397 477 2458 testibus
488 2397 626 2460 adhibitis
641 2419 730 2480 quom
742 2400 827 2480 potui
838 2399 969 2480 plurimis
981 2410 1044 2460 tum
1055 2399 1163 2460 civium
1174 2411 1238 2463 tum

143 2487 266 2549 militurn
279 2499 342 2549 turn
351 2488 491 2568 remigum
506 2509 573 2549 eum
587 2490 679 2552 Thasi
692 2491 722 2552 in
735 2493 801 2552 foro
819 2493 978 2563 convenio;
1000 2501 1030 2552 et
1042 2512 1145 2553 navem
1159 2513 1179 2553 a
1190 2510 1238 2557 me
1296 2536 1297 2539 =

142 2581 276 2662 accipere
286 2583 387 2661 jubeo,
396 2590 430 2640 ut
443 2601 651 2656 successorem,
661 2593 692 2644 et
704 2583 809 2662 reliqui
819 2584 957 2663 temporis
967 2584 1037 2643 mibi
1049 2597 1182 2664 sumptus
1193 2605 1239 2645 rs·
1255 2639 1260 2652 ,

143 2675 273 2735 stituere.
316 2675 472 2734 Rationem
494 2685 591 2734 autem
612 2693 680 2734 cum
699 2693 735 2734 eo
750 2685 855 2755 putare
869 2675 948 2736 volui
964 2676 1003 2736 de
1020 2677 1153 2755 singulis,
1167 2677 1239 2741 dum

143 2765 213 2826 mihi
220 2766 362 2827 motorum
371 2775 538 2846 sumptuum
548 2766 800 2840 testesadessent,
808 2775 917 2839 nautae,
926 2766 1067 2827 militeset
1076 2767 1239 2845 remigium,

143 2869 186 2931 ut,
200 2860 309 2941 siquid
322 2859 509 2933 inficiaretur,
523 2877 591 2920 eum
605 2859 703 2920 statim
717 2859 929 2919 convincerem.
970 2859 1046 2919 Tam
1059 2859 1137 2921 enim
1150 2881 1239 2921 accu-

141 2962 204 3012 rste
217 2973 236 3014 a
248 2971 295 3012 me
317 2952 457 3031 inscripto
474 2962 557 3012 erant
570 2953 677 3024 omnis,
698 2960 803 3012 utnon
814 2949 905 3012 modo
918 2963 1051 3031 sumptus
1068 2963 1168 3012 essent
1186 2972 1239 3014 su·

143 3042 247 3116 notati,
261 3043 312 3103 aed
327 3044 413 3104 etiam
432 3043 483 3104 ubi
500 3053 598 3104 esseut
615 3043 695 3116 facti,
718 3055 750 3104 et
770 3063 845 3122 quos
868 3043 899 3102 in
913 3063 993 3116 usus,
1014 3052 1045 3103 et
1065 3043 1189 3123 pretium
1208 3055 1240 3104 et

142 3136 246 3216 quenti
260 3137 385 3217 quicque
400 3148 489 3211 esset,
504 3145 535 3196 et
546 3139 643 3216 cujate
659 3135 815 3202 nomisms,
828 3146 859 3196 et
879 3135 981 3214 quanti
1001 3135 1126 3215 pecunie
1145 3146 1240 3198 muta·

141 3238 242 3291 retur:
263 3240 297 3289 ut
316 3241 397 3290 certo
417 3249 533 3310 possem
558 3231 730 3290 convincere
754 3246 964 3301 successorem,
979 3227 1004 3287 si
1027 3227 1098 3309 quid
1113 3249 1164 3306 ,me
1186 3231 1241 3290 sibi

141 3321 218 3384 l'also
231 3322 375 3402 imputare
389 3321 517 3382 duceret.
559 3321 706 3382 Praeterea
718 3319 777 3380 lide
789 3319 878 3380 etiam
891 3319 961 3380 dats
973 3330 1108 3400 sumptus
1121 3321 1149 3380 ei
1160 3341 1241 3382 com·

141 3412 371 3498 putaremini·
393 3418 446 3476 Me
465 3425 565 3476 autem
584 3415 616 3476 id
634 3413 813 3495 postulante,
830 3413 992 3492 respondit,
1006 3432 1040 3473 se
1053 3413 1125 3473 nihil
1138 3433 1241 3476 curare

143 3510 281 3590 quicquid
305 3508 441 3571 dicerem.
483 3509 600 3568 Interes
618 3507 759 3581 minister,
773 3527 791 3567 a
808 3506 885 3566 duce
901 3505 1020 3579 missus,
1033 3505 1103 3564 mibi
1120 3506 1242 3569 mandat

78 3599 83 3614 ”
140 3615 178 3664 ut
198 3602 320 3672 solvam,
335 3621 394 3662 non
411 3600 460 3662 isti
478 3600 652 3672 successori,
670 3599 754 3679 cujus
776 3617 882 3659 munus
905 3597 936 3657 id
958 3607 1039 3659 erat:
1061 3597 1123 3677 ejus
1140 3608 1240 3658 eutem

142 3694 188 3756 rei
200 3713 317 3756 censum
331 3696 362 3754 in
374 3711 532 3775 progressu
547 3691 685 3752 orationis
700 3711 753 3752 vos
766 3691 908 3752 edocebo.

185 3789 215 3848 9.
236 3789 315 3849 Tum
328 3788 417 3867 igitur
430 3785 499 3846 mihi
512 3785 607 3846 risum
624 3773 681 3845 fult
699 3784 821 3858 solvere,
835 3794 866 3843 et
884 3783 1104 3863 nauigare„quo
1115 3780 1240 3861 juberet.

142 3881 305 3962 Postquam
318 3891 417 3958 sutem
434 3898 536 3942 rursus
554 3878 685 3938 ‘I'bssum
707 3877 818 3959 appuli,
840 3877 976 3956 Strymen
995 3872 1159 3954 pertractis,
1181 3891 1240 3952 quo

141 3977 204 4036 dux
217 3974 384 4046 manderet,
405 3971 541 4052 nauigiis,
563 3971 667 4048 nautis
683 3981 714 4030 et
738 3969 877 4029 militibus
896 3977 928 4029 et
947 3965 1104 4046 remigibus
1124 3965 1154 4024 in
1175 3967 1242 4030 nari

142 4087 264 4130 munere
272 4067 376 4148 jussis,
390 4065 451 4146 ipse
471 4063 610 4125 exscendi
630 4073 661 4124 et
678 4064 708 4123 in
722 4062 803 4123 aedes
816 4061 885 4135 sbii,
896 4060 948 4121 ubi
961 4058 1167 4120 Timomachus
1181 4057 1242 4134 dux

143 4161 357 4232 diversabatur,
377 4159 481 4219 rolens
501 4157 588 4219 etiam
607 4176 705 4218 corum
724 4155 777 4216 illo
794 4173 898 4215 narem
916 4153 1031 4212 tradere
1044 4150 1158 4232 Polycli
1178 4151 1242 4232 ple-

143 4273 223 4314 nem.
266 4251 463 4332 Deprehendo
484 4250 572 4330 igitur
596 4258 627 4309 et
648 4250 736 4309 istum
755 4246 814 4307 illic
828 4256 860 4306 et
871 4245 1030 4306 triremium
1042 4244 1197 4326 prefectos
1213 4251 1244 4304 et

143 4364 335 4408 successores
360 4357 392 4406 et
418 4345 492 4406 alios
516 4342 661 4424 quosdam
683 4342 782 4404 cives:
807 4348 942 4401 attenta
959 4339 1121 4420 ingressus,
1143 4355 1242 4400 coram

144 4441 234 4514 duce,
249 4439 338 4502 verbu
353 4439 472 4500 adeum
486 4437 572 4510 lucio,
585 4447 616 4497 et
629 4446 698 4518 peto
712 4445 746 4496 ut
759 4452 863 4496 navem
875 4453 894 4495 a
907 4452 955 4496 me
968 4433 1095 4519 accipiet
1110 4440 1141 4494 et
1162 4449 1242 4500 sum·
