2967 5017
469 353 513 414 ιιι
535 291 876 464 crusrrnouuun.
991 377 995 395 ·
1182 350 1220 408 87

162 503 213 562 al.
233 500 318 576 Esto,
331 512 363 565 at
374 521 454 566 enam
466 505 558 566 reneis
571 515 603 566 et
614 506 821 578 adamantrnrs
832 516 869 567 ιιι
881 523 945 584 rpse
954 509 1073 582 Jactat,
1072 505 1223 564 murisre
1271 494 1275 502 ’

123 594 240 672 gionem
249 605 383 655 nostram
389 597 521 669 munivit,
531 598 709 658 Euboeorum
720 617 756 658 ac
766 599 972 678 Thebanorum
985 596 1134 658 societate.
1160 595 1222 654 lmo
1349 583 1353 590 ’

123 704 203 757 vero,
217 687 426 758 Athenienses,
441 697 500 748 tres
512 689 690 767 gravissimae
703 689 781 748 hac
774 711 804 749 ιιι
818 709 849 749 ιι
861 689 973 768 injurias
986 688 1105 748 omnino
1122 686 1222 746 insciis

125 777 208 835 vobis
223 788 294 838 sunt
307 778 407 838 illatoe.
428 779 605 857 Quanquam
622 789 725 840 autem·
745 781 784 840 ιιι
802 783 904 840 miram
919 780 1000 840 illam
1019 779 1223 840 'lhebanorum

126 866 298 927 societatem
310 869 513 947 explicandam
526 868 671 940 festinem,
684 880 783 929 tamen
799 881 831 930 ut
845 890 899 930 suo
910 877 1036 948 quteque
1045 869 1112 928 loco
1124 887 1223 948 perse·

125 976 210 1035 quar,
223 958 399 1020 Euboeorum
408 962 532 1039 primum
542 961 718 1020 mentionem
728 960 845 1022 faciam.
868 961 973 1019 Multis
985 979 1039 1020 vos
1054 979 1090 1021 ac
1099 961 1224 1038 magnis,

128 1051 341 1125 Athenienses,
355 1050 453 1113 affecti
466 1053 577 1133 injuriis
589 1064 652 1112 tum
674 1072 693 1111 a
707 1053 886 1114 Mnesarcho
901 1052 1100 1124 Chalcidensi,
1121 1053 1225 1112 Calliae

126 1152 159 1201 et
170 1143 380 1204 Taurostbenis
395 1155 488 1223 patre,
502 1143 645 1222 quasiste
659 1163 738 1204 nnnc
752 1155 875 1223 accepta
892 1145 1026 1206 mercede
1040 1144 1227 1204 nnndtrbitat

127 1235 207 1294 cives
220 1235 336 1296 Atticos
357 1235 477 1296 decreto
491 1235 650 1306 nominare,
673 1244 736 1295 tum
756 1237 962 1296 aThemisone
983 1235 1154 1309 Eretriensi,
1175 1237 1226 1316 qui

127 1327 211 1386 robis
224 1328 307 1405 pacis
328 1337 457 1405 ternpore
472 1327 606 1404 Oropum
625 1326 745 1398 ademit,
761 1326 866 1386 horum
883 1338 983 1386 tamen
998 1328 1126 1386 omnium
1149 1328 1226 1388 ultro

128 1419 222 1490 obliti,
234 1420 333 1478 statim
346 1438 383 1479 ae
397 1418 531 1478 Thebani
544 1419 574 1477 in
583 1419 735 1482 ¹Euboeam
758 1419 951 1499 trajecissent,
965 1429 995 1478 et
1008 1420 1096 1477 urbes
1114 1407 1176 1493 ejus
1189 1419 1227 1480 'in

128 1509 300 1569 servitutem
313 1509 446 1588 redigere
459 1521 652 1582 conarentur,
660 1511 743 1574 iutra.
751 1511 879 1589 quinque
893 1507 957 1569 dies
969 1509 1077 1568 Eubnr'r
1089 1519 1120 1567 et
1132 1509 1227 1570 classe

128 1610 160 1659 et
172 1599 359 1678 pedestribus
371 1601 463 1678 copiis
477 1620 564 1679 opem
576 1601 695 1673 tulistis,
709 1612 741 1661 et
755 1603 924 1681 priusquam
938 1599 1057 1678 triginta
1076 1600 1138 1660 dies
1151 1621 1227 1679 pre·

130 1692 278 1764 terie'rant,
293 1690 450 1752 Thebanos
463 1703 594 1796 accepta
606 1693 665 1752 lide
678 1692 841 1764 dimisistis,
854 1704 885 1752 et
899 1694 1018 1753 Euboea
1029 1691 1113 1782 potiti
1127 1693 1228 1752 urbes-

131 1803 190 1862 qne
203 1795 234 1844 et
247 1784 320 1863 reip.
340 1793 450 1844 statum
462 1784 508 1856 iis,
522 1785 572 1862 qui
591 1784 657 1843 baec
671 1783 755 1843 robis
775 1787 991 1856 commiserant,
1005 1785 1049 1844 uti
1068 1794 1181 1844 rectum
1199 1796 1230 1846 et

126 1876 244 1955 justum
253 1883 326 1947 erat,
341 1876 551 1948 reddidistis,
544 1876 677 1955 iniquum
697 1875 811 1936 scilicet
824 1895 889 1937 esso
903 1877 968 1992 rati,
983 1877 1034 1936 ubi
1052 1876 1126 1986 fides
1138 1873 1229 1936 habe-

132 1977 220 2040 retur,
234 1967 393 2027 iracundiae
411 1969 589 2030 meminisse.

58 2137 65 2146 .
174 2060 477 2120 transversantis
490 2062 594 2122 vestris
606 2063 757 2124 beneficiis
776 2062 873 2123 affecti
888 2059 1098 2122 Chalcidenses
1118 2079 1231 2139 nequa
1234 2076 1238 2089 ¹

132 2170 222 2230 quam
235 2171 335 2230 parem
350 2152 431 2212 vobis
446 2152 611 2212 referebant
623 2155 757 2258 gratiam
771 2154 825 2214 sed
840 2173 906 2214 cum
925 2155 955 2213 in
974 2153 1117 2212 Euboeam
1132 2152 1231 2230 copias

132 2243 288 2336 trajecistis
302 2261 389 2320 opem
410 2242 569 2302 Plutarcho
583 2244 679 2316 laturi,
693 2244 793 2322 primis
813 2245 932 2322 quidem
951 2254 1031 2304 certe
1052 2243 1232 2322 temporibus

133 2329 292 2395 amicitiam
305 2333 492 2406 simulabant,
507 2353 608 2394 rerum
623 2337 721 2396 statim
730 2346 763 2395 ut
778 2337 817 2396 ad
828 2335 974 2416 Tamynas
983 2335 1189 2415 processimus,
1202 2345 1235 2394 ιι

135 2425 301 2504 Cotyleeum
310 2445 398 2502 quem
410 2438 519 2486 rocant
531 2439 659 2488 montem
672 2427 885 2507 superavimus,
899 2439 962 2488 tum
977 2428 1054 2488 illico
1064 2426 1174 2487 Callias
1186 2427 1235 2489 ille

136 2515 340 2590 Chalcidensis
342 2535 448 2591 ,quern
456 2509 670 2594 Demosthenes
680 2529 803 2599 accepts
813 2520 950 2580 mercede
958 2518 1155 2590 collaudabat
1166 2538 1234 2579 cum

134 2609 248 2670 rideret
260 2606 386 2667 civitatis
401 2618 509 2665 nosue
519 2609 679 2668 exercitum
693 2610 723 2666 in
737 2610 890 2686 angustias
899 2611 1042 2686 quasdem
1052 2612 1235 2683 conclusum,

136 2698 258 2760 unde'
230 2699 286 2759 nrsi
305 2684 407 2778 praelio
420 2698 541 2758 vicisset
552 2699 651 2758 nullus
673 2708 738 2758 erat
756 2700 886 2778 receptui
899 2699 994 2771 locus,
1007 2699 1088 2760 nulla
1100 2701 1147 2759 vel
1159 2697 1236 2762 urea

136 2793 185 2854 ιιι
200 2811 273 2851 marr
265 2789 386 2850 auxilii
399 2809 478 2869 spes,
501 2791 526 2848 is
548 2792 668 2867 inquom,
682 2801 786 2850 coacto
805 2809 842 2850 ex
863 2791 942 2850 omni
963 2791 1077 2850 Euboea
1096 2792 1235 2866 exercitu,

137 2884 287 2965 copiisque
310 2903 330 2943 a
342 2882 478 2961 Philippo
491 2882 652 2959 accersitis,
666 2891 697 2940 et
707 2881 793 2940 simul
808 2901 876 2942 cum
890 2901 926 2941 eo
939 2882 1069 2942 irater
1045 2901 1109 2961 eJus
1123 2883 1234 2944 Tauro·
1281 2943 1286 2952 ,

138 2978 269 3047 ιιιιιιιιι,
290 2975 342 3052 qui
362 2995 442 3034 nunc
456 2974 590 3034 omnibus
608 2974 741 3033 dextram
760 2972 881 3052 porrigit
904 2983 993 3052 atque
1014 2972 1132 3046 arridet,
1150 2977 1238 3056 traje-

138 3069 196 3130 ctis
220 3065 422 3126 Phocensibus
444 3066 640 3135 mercenariis,
657 3065 687 3123 in
709 3084 761 3124 ros
779 3065 920 3143 impetum
942 3063 1076 3125 fecerunt
1096 3075 1235 3144 tanquam

139 3157 273 3220 funditus
286 3157 419 3218 deleturi.
447 3157 537 3224 Quod
547 3157 604 3217 nisi
617 3157 742 3236 primurn
752 3156 874 3216 deorum
887 3155 991 3234 aliquis
1004 3158 1162 3216 exercitum
1177 3177 1237 3218 sar·

139 3262 251 3323 maaet,
265 3250 374 3310 deinde
394 3250 503 3310 milites
515 3249 615 3321 vestri,
629 3247 743 3329 pedites
766 3258 853 3327 atque
873 3249 997 3327 equites,
1010 3269 1043 3309 se
1057 3249 1133 3310 viros
1148 3248 1237 3311 sortes

139 3341 344 3424 prebuissent,
357 3346 483 3416 etjrrxta
496 3341 615 3402 Circum
629 3349 795 3418 equestrem
807 3339 846 3400 ad
859 3341 1007 3422 Tamynas
1017 3340 1134 3402 collatis
1146 3342 1237 3422 signis

140 3435 291 3503 vicissent,
312 3430 446 3492 hostibus
459 3433 622 3508 supplicibus
635 3429 707 3491 data
719 3432 779 3491 lide
791 3431 928 3504 dimissis,
941 3432 1061 3493 omnino
1076 3433 1239 3512 periculum
1313 3469 1318 3485 ·

140 3525 200 3586 luit
211 3541 250 3582 ne
263 3521 366 3582 civitas
381 3532 483 3582 nostra
494 3522 700 3601 ςιιιιιιιιιιιιιιιι
712 3521 843 3582 dedecus
857 3523 978 3583 subiret.
1002 3519 1107 3600 Neque
1121 3524 1239 3585 enimin

141 3615 227 3678 bellis
243 3612 368 3674 adverso
384 3611 484 3673 Marte
498 3632 631 3693 pugnare
642 3613 804 3673 maximum
818 3623 865 3672 est
878 3613 1007 3672 malum:
1035 3612 1089 3673 sed
1108 3615 1157 3674 ubi
1172 3617 1239 3693 quis

141 3727 212 3770 cum
226 3703 399 3766 adversariis
412 3724 445 3764 se
453 3704 582 3784 indignis
595 3723 775 3783 congressus
787 3701 904 3765 excidat
912 3703 1043 3781 ιιοιοιιιι,
1051 3703 1171 3765 dubium
1179 3725 1246 3776 noa,

144 3811 191 3862 est
211 3796 411 3876 conduplicari
434 3797 641 3857 calamitatem.
678 3795 741 3856 Vos
762 3805 874 3865 ιιιιιιιι,
889 3795 1037 3856 talibus'
1028 3797 1140 3876 injuriis
1155 3817 1244 3862 aeae,

143 3891 213 3973 ptis,
225 3892 330 3952 iterum
343 3908 395 3948 eos
409 3888 440 3948 in
453 3889 576 3968 gratiam
589 3888 750 3968 recepistis.

186 3986 236 4044 33.
261 3981 373 4042 Galbae
386 4000 455 4041 rero
477 3980 691 4053 Chalcidensis,
713 3998 782 4041 cum
799 3978 867 4039 sibi
876 3979 990 4040 avonis
1014 3979 1130 4040 veniam
1151 3981 1241 4058 impe-

143 4081 262 4145 trasset,
274 4073 357 4132 brari
370 4083 441 4151 post
449 4082 578 4151 tempore
592 4072 651 4132 sd
643 4071 792 4150 rngenium
806 4072 993 4150 remigrabst,
1005 4089 1073 4131 cum
1087 4072 1165 4131 euim
1180 4073 1240 4132 Eu·
1335 4139 1341 4153 .

144 4170 263 4230 boionm
283 4165 439 4226 concilium
463 4167 551 4226 verbo
565 4163 740 4225 Chalcidem
756 4173 940 4235 convocaret,
959 4183 990 4223 re
1009 4182 1080 4224 sera
1100 4165 1241 4226 Enboeam

146 4269 255 4323 eontra·
268 4277 322 4318 vos
335 4258 495 4330 muniebat,
516 4257 720 4336 insignemque
736 4255 791 4315 sibi
811 4255 1036 4316 dominationem
1057 4249 1242 4336 comparans.

108 4386 117 4395 ·
147 4353 188 4414 Et
198 4353 263 4431 ejus
276 4349 443 4410 munands
457 4349 620 4429 adjutorem
633 4348 688 4409 sibi
701 4348 833 4408 futurum
845 4347 1013 4428 Philippum
1027 4367 1158 4428 sperans,
1172 4349 1243 4408 abiit

146 4445 179 4508 in
197 4442 541 4516 muchaniensem
556 4441 692 4524 Philippo
704 4441 816 4522 passim
825 4441 984 4522 ‘proiectus
996 4449 1054 4517 est,
1066 4451 1099 4504 et
1114 4442 1145 4502 in
1158 4440 1242 4502 iami-
