2967 5017
463 223 685 331 nuvnnsus
708 272 965 334 uuautluutt.
1169 272 1229 329 ⁷53

132 442 201 524 quid
223 442 313 523 ntiqui
332 460 365 503 ss
384 452 528 523 cognatos
550 443 614 523 ejus
641 460 708 503 esse
736 438 950 502 oesnfimutnrt
983 438 1122 498 Omnino,
1163 436 1228 497 Pri·

110 555 211 597 mnm
232 534 400 596 consobrini
424 546 569 615 quatuor:
590 533 697 596 deindo
721 533 874 594 sobrinus:
900 543 980 613 post,
1002 532 1054 610 qui
1075 528 1226 591 consobri-

131 631 270 707 nunejus
290 628 452 688 duxerunt:
474 627 597 688 curiales
610 628 698 687 item:
719 646 776 687 nec
792 620 1013 706 noninpollinis
1033 622 1129 703 patrii,
1143 622 1225 683 Joris

132 721 239 783 Hercei
252 720 393 800 gentiles:
414 720 521 781 deinde
534 720 553 778 ii
566 721 673 800 quibus
687 728 875 779 monumento
889 730 959 779 snut
975 718 1097 777 endem:
1119 715 1227 777 deinde

132 814 305 895 municipes,
328 832 395 873 eum
417 832 496 893 soepc
516 823 547 873 et
567 813 722 894 probatum
743 831 819 883 esse,
839 822 869 871 et
886 804 1075 891 magistratus
1089 808 1228 889 gessisse,

102 905 115 931 ⁴
131 908 192 967 suis
215 905 360 986 suffragiis
379 904 580 967 ostenderunt.
625 906 672 965 De
693 915 778 985 patre
798 904 897 984 igitur,
920 902 991 983 qnid
1013 902 1096 963 vobis
1115 902 1227 983 sequius

129 1006 184 1059 ant
195 999 334 1061 sincerius
350 998 449 1060 afferre
465 996 650 1080 potuissem?
669 996 792 1058 Vocabo
809 1008 906 1057 autem
925 998 1008 1057 vobis
1030 1005 1186 1076 cognatos,
1201 997 1227 1056 si

129 1090 238 1169 vuius:
270 1091 318 1151 de·
335 1104 426 1153 matre
449 1113 537 1173 porro
564 1092 674 1153 audite.
714 1089 813 1152 Meter
826 1089 909 1150 mihi
933 1102 980 1151 est
998 1089 1148 1161 Nicareta,
1168 1088 1229 1151 fitis

131 1182 311 1246 Demostrati
331 1184 505 1249 Melitensis.
557 1184 630 1265 Ejus
654 1184 784 1264 cognati,
806 1184 856 1263 qni
880 1182 1080 1244 testimonium
1106 1181 1229 1243 dicunt?

131 1272 261 1337 Primum
279 1278 422 1357 patruelis
443 1277 496 1337 filii
512 1276 592 1338 duo:
611 1276 718 1338 deinde
737 1276 904 1338 consobrini
926 1276 1136 1356 matris27post
1156 1275 1230 1335 Pro·
1281 1342 1292 1365 ¹

127 1370 255 1431 tomachi
268 1368 331 1443 filii,
344 1372 408 1452 ejus
424 1370 474 1449 qui
493 1381 616 1431 matrem
635 1389 730 1431 mecm
751 1370 829 1453 prior
844 1369 967 1431 habuit:
988 1368 1095 1430 deinde
1113 1369 1164 1448 qui
1178 1386 1227 1428 so·

129 1481 225 1523 rorem
245 1482 342 1523 meam
361 1482 398 1523 ex
420 1463 617 1524 Protomacho
639 1464 733 1539 duxit,
755 1464 885 1523 Eunicus
906 1462 1135 1549 Cbplargensisr
1161 1472 1230 1539 post

126 1552 206 1615 iilius
220 1556 347 1615 sororis:
369 1555 441 1635 quin
455 1567 487 1617 et
505 1556 640 1616 curiones
660 1556 779 1634 cognati
793 1556 892 1619 matris
912 1566 944 1615 et
965 1554 1126 1633 municipes
1149 1552 1227 1613 idem

126 1654 200 1705 sunt
220 1646 375 1709 testificati.
418 1648 498 1715 Quid
513 1648 601 1727 igitur
616 1647 761 1727 requiritis
782 1647 930 1729 amplius?
958 1648 1036 1707 Nam
1051 1657 1082 1706 et
1100 1666 1138 1708 ex
1150 1664 1226 1725 pree·

125 1735 238 1816 scripto
251 1738 352 1819 legum
364 1741 545 1801 contraxisse
559 1740 774 1801 matrimonium
787 1750 909 1821 putrem,
923 1752 954 1800 et
971 1739 1103 1820 nuptiale
1120 1758 1227 1799 munus

124 1829 268 1890 obtulisse
281 1831 450 1907 curialibus,
463 1842 554 1894 testes
569 1832 795 1893 confirmarunt:
816 1832 855 1893 nd
873 1835 938 1893 brac
952 1842 1050 1893 eutem
1069 1833 1226 1914 meipsum

124 1940 245 2003 quoqne
259 1924 386 1997 ostendi,
399 1925 586 2006 participasse
600 1945 645 1986 res
659 1944 763 1985 omnes
774 1937 842 2005 quse
853 1923 962 1986 decent
973 1926 1128 2005 ingenuos.
1143 1927 1226 1992 Qua·

124 2025 246 2095 propter
267 2017 305 2077 ab
326 2016 462 2079 omnibus
480 2020 614 2098 partibus
630 2018 697 2098 jure
717 2026 749 2079 et
766 2020 975 2080 convenienter
987 2019 1048 2079 lato
1063 2037 1117 2099 pro
1140 2018 1226 2078 nobis

124 2106 279 2188 suffragio,
301 2110 437 2190 religiose
460 2110 699 2191 pronunciabitis.
740 2112 809 2173 iam
827 2114 926 2189 etiam,
942 2111 1076 2185 iudices,
1095 2112 1225 2175 sexviros

125 2194 327 2282 interrogatis,
342 2222 381 2263 nn
401 2204 571 2282 parentibus
584 2204 792 2267 benefaciant:
812 2224 869 2285 ego
882 2225 952 2266 vero
965 2226 985 2265 a
996 2218 1081 2286 petre
1094 2204 1225 2286 pupillus

126 2312 192 2355 sum
206 2294 338 2366 relictus,
353 2304 475 2357 matrem
488 2310 599 2372 nutem,
612 2299 736 2359 obsecro
751 2318 805 2359 vos
824 2307 854 2359 et
867 2300 1008 2372 obtestor,
1022 2308 1056 2358 ut
1076 2298 1106 2358 in
1124 2297 1226 2380 patriis

125 2386 251 2467 sepelire
263 2388 448 2449 monimentis
462 2388 519 2450 hoc
532 2402 629 2451 restro
644 2390 782 2471 suffragio
795 2390 893 2463 liceat,
906 2411 945 2451 ne
958 2410 1004 2451 me
1013 2391 1176 2472 prohibete,
1187 2408 1226 2451 nc

124 2488 272 2541 extorrem
295 2480 384 2560 agite,
399 2499 437 2540 ne
455 2482 592 2561 cognatis
612 2484 749 2562 spoliate,
763 2502 887 2563 quorum
901 2493 986 2544 tanta
998 2481 1155 2545 multitudo
1168 2496 1225 2556 est,

126 2594 163 2635 ne
178 2576 310 2653 denique
323 2592 371 2634 me
384 2573 507 2655 perdite.
548 2573 652 2635 Potius
670 2576 748 2635 enim
767 2594 855 2653 quom
869 2595 922 2637 eos
935 2576 1078 2649 deseram,
1091 2576 1116 2636 si
1131 2576 1168 2635 ab
1182 2575 1226 2636 eis

124 2667 295 2729 conservari
313 2685 373 2727 non
390 2678 522 2747 potuero,
538 2686 584 2727 me
607 2668 671 2746 ipse
692 2667 874 2737 interficiam,
888 2676 923 2727 ut
945 2668 1050 2728 saltem
1068 2669 1107 2727 eb
1127 2665 1169 2728 sis
1191 2667 1223 2725 in

127 2760 224 2840 petria
236 2758 369 2839 sepeliar.
