2967 5017
494 343 539 404 lN
562 345 817 406 summum
838 347 870 404 1:
1168 347 1228 407 637

134 511 265 575 persen
276 496 447 576 conspectui
459 507 557 560 restro
570 497 673 561 offerre
686 499 849 582 hoetqnid
865 500 1232 583 memphitem&

133 587 327 666 sesproimre
345 587 377 648 in
396 589 544 650 medinm?
573 592 698 654 Athenis
717 595 788 656 ohiit
805 593 1005 676 poterium
1025 594 1232 656 mumon-

133 680 221 742 tn'um
235 682 323 740 estin
337 682 417 742 reric
434 684 566 762 porticu:
586 689 684 748 minti
695 688 745 750 isti
760 701 830 751 sunt
844 689 1042 770 Ampffionem
1059 687 1233 750 exhibuisse

132 773 249 834 tubulos
262 774 343 854 opud
357 775 505 838 arbitrum.
545 781 634 846 Quod
649 781 673 840 si
687 801 787 842 verum
801 783 866 856 fuit,
879 783 1010 863 oportuit
1020 784 1100 863 ipss
1111 781 1229 842 tohuiss

132 865 164 926 iu
176 867 314 928 echinum
332 885 399 926 esse
410 869 570 950 conjectes,
582 883 613 932 et
631 893 698 932 eum
718 875 769 953 qni
781 893 833 936 ees
855 873 1004 936 exhiheret
1023 873 1135 947 testesi,
1152 885 1199 946 st,
1210 893 1232 934 e

132 959 254 1020 nritxte
266 973 297 1020 et
311 961 494 1040 inspectione
512 964 671 1043 signorum,
691 977 723 1027 et
738 966 856 1047 judices
874 986 936 1032 rem
956 977 1181 1048 cognoscerent,
1196 977 1232 1029 ci

133 1053 240 1134 egoni
257 1053 323 1132 quis
343 1053 413 1114 mihi
430 1055 539 1117 feceret
556 1058 701 1138 injuriam,
715 1061 780 1140 ejus
803 1061 965 1124 ulciscendi
983 1060 1160 1142 pme'stetem
1175 1059 1232 1120 hs·

132 1145 244 1205 herem.
290 1146 377 1207 Nunc
396 1167 483 1209 nemo
496 1169 572 1210 unus
586 1160 676 1212 toturn
690 1172 809 1214 censum
824 1155 964 1234 suscepit,
975 1173 1073 1234 neque
1084 1154 1174 1234 pinne
1183 1163 1231 1214 ie·

134 1238 302 1299 stimonium
321 1239 406 1313 dixit,
423 1252 455 1301 ut
475 1241 501 1300 is
522 1243 633 1304 feceret
652 1245 702 1325 qui
720 1265 790 1306 rere
801 1247 890 1308 vellet
902 1247 1014 1308 dicere:
1036 1246 1089 1308 sed
1103 1246 1230 1326 quisque

131 1340 254 1410 portem,
267 1341 302 1392 ut
312 1341 418 1392 ceutue
431 1334 565 1395 nimirum
577 1348 792 1420 proptereaque
804 1359 907 1420 penus
919 1358 980 1401 non
993 1340 1134 1411 dutruusg
1156 1339 1231 1400 elius
1342 1333 1347 1342 '

131 1439 163 1484 se
181 1422 290 1484 hebere
307 1425 434 1500 tabulae,
448 1427 554 1506 quibus
575 1429 747 1510 inscriptum
771 1431 819 1506 sit,
840 1449 1092 1494 resonunnrux
1115 1449 1230 1492 ensto-

133 1531 203 1584 sus3
226 1516 301 1578 elius
320 1519 486 1578 semiesum
500 1522 538 1580 eh
551 1540 587 1582 eo
599 1521 631 1582 id
646 1523 789 1597 attulisse,
803 1544 943 1588 verumne
956 1536 1055 1587 eutem
1069 1543 1108 1586 uu
1119 1523 1230 1584 folium

131 1607 171 1670 sit
180 1609 331 1688 ignorare3
350 1609 399 1670 ulii
413 1620 553 1691 pretextu
567 1616 784 1693 provocationis
798 1617 846 1676 usi
856 1627 1064 1678 testamentum
1077 1615 1170 1675 fuisse
1189 1614 1233 1676 di·

130 1711 249 1761 xerunt.
272 1701 314 1759 Ut
328 1701 351 1761 si
364 1703 487 1762 maxime
500 1705 652 1765 crederent
665 1706 789 1768 Judices
803 1710 893 1786 putris
906 1708 963 1767 mei
975 1707 1066 1768 fuisse
1077 1713 1232 1768 testemon-

126 1803 206 1866 tum,
221 1810 336 1871 egoque
349 1811 448 1853 ceusee
466 1795 581 1856 actione
600 1797 738 1858 exclusus
752 1818 849 1859 essem
863 1809 894 1858 et
907 1799 1036 1860 vindicte
1051 1796 1230 1878 injuriarum,

126 1885 180 1946 isti
190 1897 289 1946 mmen
300 1883 408 1946 falsum
418 1885 525 1948 dixisse
535 1889 729 1950 testimonium
740 1889 1047 1970 deprehenderentur:
1063 1907 1231 1973 quenquam

128 1978 184 2058 ipsi
197 1976 346 2038 diversum
361 1989 525 2058 sperarunt.
555 1981 595 2040 Ut
610 1992 708 2042 eutem
721 1983 893 2064 intelligetis
906 1985 973 2046 hec
986 2005 1006 2046 o
1019 2003 1147 2047 merere
1161 1983 1229 2058 dici,

132 2087 205 2151 cepe
218 2067 289 2130 mihi
303 2069 552 2152 Cephieophontis
566 2075 776 2136 testimonium.

523 2225 830 2289 TESTIMONIUM.
907 2229 911 2235 ’

157 2341 476 2406 cephisophon-cepnstont·
492 2345 520 2392 F.
533 2344 674 2406 Aphidnum
691 2352 790 2396 testem
807 2345 854 2394 sihi
869 2341 1230 2410 retituempsoonbohs.

124 2421 216 2481 ‚quihus
227 2419 364 2484 inscriptum
375 2427 445 2478 esset,
457 2435 579 2470 reexortis
590 2437 801 2473 rrsrnxnnrorr.

173 2533 203 2592 6.
216 2533 307 2613 Atqui
321 2534 444 2614 simplex
458 2535 574 2607 fuisset,
586 2535 720 2608 Judices,
735 2536 833 2615 utqui
846 2537 912 2596 hec
925 2537 1000 2617 dixit
1018 2537 1151 2612 adderet,
1162 2557 1231 2598 esse

132 2635 229 2686 entem
244 2645 294 2686 eus
308 2626 436 2697 tabulas,
450 2644 524 2704 quus
539 2621 603 2704 ipse
617 2626 777 2701 exhiberet,
791 2641 822 2688 et
835 2629 950 2690 tubulus
964 2630 995 2689 in
1007 2629 1147 2690 echinum
1159 2649 1230 2689 oon·

126 2718 240 2794 jicerct.
282 2718 342 2777 Sed
364 2717 395 2776 id
408 2716 527 2796 quidem
545 2717 732 2778 menducium
751 2721 795 2778 ira
810 2721 931 2799 dignum
943 2723 1067 2801 poterit,
1081 2733 1113 2783 et
1124 2741 1180 2784 uos
1189 2721 1232 2784 de

131 2831 163 2872 ee
186 2829 289 2890 penes
312 2821 480 2888 sumpturos
503 2811 660 2872 arbitrante
684 2819 750 2870 eet:
779 2813 895 2877 tubulos
914 2823 1014 2876 entem
1039 2814 1232 2878 sihireiiotes

131 2921 199 2964 esse
212 2903 318 2973 dicere,
333 2901 363 2962 id
375 2921 445 2962 vero
459 2901 524 2962 leve
537 2921 604 2962 esse
626 2921 663 2962 ec
683 2900 776 2965 nihili.
817 2902 964 2964 Getennu
981 2903 1056 2964 iliud
1071 2906 1168 2982 ipsum
1185 2916 1233 2969 est

130 2997 211 3076 quod
224 2995 369 3074 significet
381 3003 471 3073 etque
484 3005 597 3074 urguet,
611 3013 663 3056 eos
677 3013 795 3056 omnem
807 3013 871 3056 rem
883 2993 1073 3058 confinxisse.
1115 2995 1194 3064 Nom
1207 2993 1234 3057 si

130 3099 309 3150 testamento
333 3085 507 3168 inscriptum
529 3088 633 3150 inisset
651 3105 810 3150 nesronrs
830 3104 872 3152 eu
890 3099 1182 3163 euonurouseeut
1194 3108 1234 3153 s·

131 3200 209 3244 osso
219 3197 294 3242 cors
311 3199 528 3254 euonurorru,
541 3192 592 3242 eut
605 3181 698 3242 simile
712 3179 834 3259 aliquid,
845 3182 913 3262 jure
922 3183 953 3244 id
966 3182 1016 3244 iiie
1034 3193 1232 3246 exsensum:

131 3287 162 3336 et
181 3276 218 3348 si,
244 3283 278 3332 ut
298 3273 433 3345 uffirmnt,
451 3273 624 3353 inscriptum
643 3271 699 3334 fuit
718 3291 974 3334 umerunncurr
996 3291 1234 3350 uirorumue

131 3387 188 3448 ego
201 3367 233 3428 id
248 3385 307 3428 nou
323 3364 449 3426 sustulit
475 3367 552 3426 Cum
566 3365 684 3446 quidem
698 3365 805 3429 ecirem
818 3385 865 3425 me
878 3366 910 3428 in
919 3368 1063 3447 judicium
1079 3389 1149 3431 esse
1159 3389 1233 3432 uen-

131 3470 248 3530 turum
266 3479 333 3520 curn
346 3461 417 3520 item
440 3461 555 3533 scirem,
569 3460 714 3542 siquidem
732 3461 792 3522 tole
812 3461 878 3535 init,
891 3451 1148 3529 commoditatibus
1160 3466 1234 3531 meis

131 3552 192 3614 iore
205 3553 399 3614 concesium:
420 3573 488 3614 cum
506 3554 600 3615 heeres
620 3573 718 3617 essem
740 3563 772 3614 et
794 3553 884 3626 illies,
897 3555 1042 3635 siquidem
1065 3557 1122 3618 mei
1141 3558 1232 3636 putris

132 3646 245 3718 tuneo,
259 3655 291 3708 et
309 3646 413 3726 reliqui
432 3647 598 3729 patrimonii
620 3646 725 3728 aquei
754 3648 845 3716 Quod
863 3647 954 3727 igitur
973 3660 1182 3716 testamentum
1201 3661 1234 3712 et

133 3737 303 3800 Phormioni
317 3739 488 3812 exhibitum,
501 3749 532 3801 et
545 3739 665 3802 Pesinni
677 3739 862 3821 inscripnrm,
876 3752 908 3802 et
919 3743 1035 3805 onohie
1054 3757 1141 3821 porro
1159 3759 1233 3819 ueg-

132 3830 244 3892 ieotnm
263 3841 320 3903 cet,
340 3851 378 3891 ex
398 3851 434 3892 eo
457 3841 539 3912 petet
565 3841 597 3894 et
626 3833 858 3894 commentitium
876 3853 943 3896 esse
962 3841 1182 3906 testamentum,
1201 3845 1235 3894 et

132 3924 239 3986 inicum
248 3925 498 4006 Cephicophontis
511 3925 719 3987 testimonium.
755 3925 816 3986 Sed
828 3925 1233 4006 omno·0epnisoph0ntemz

132 4037 229 4098 neque
243 4017 320 4079 enim
334 4037 414 4080 nuuc
425 4017 495 4078 mihi
508 4039 575 4080 eum
589 4039 626 4080 eo
639 4037 688 4080 res
703 4028 758 4092 est,
771 4037 866 4098 neque
877 4017 926 4080 ilie
939 4029 1065 4080 testetur
1078 4027 1125 4080 est
1136 4017 1176 4078 de
1195 4017 1233 4082 iis

132 4129 198 4189 quse
212 4121 391 4172 tenemento
405 4112 592 4174 continentur
605 4113 773 4192 quicquum.
806 4111 886 4180 Quin
899 4111 973 4172 illud
985 4109 1076 4174 etiem
1089 4119 1233 4191 spectate,

132 4205 337 4278 Athenienses,
349 4216 460 4286 quanto
473 4215 649 4286 argumento
658 4209 697 4268 sit
705 4217 798 4267 testes
808 4205 881 4266 istos
890 4205 1003 4266 dixisse
1012 4204 1130 4270 tahon.
1153 4205 1233 4272 cuu

133 4297 210 4358 euim
229 4299 266 4370 is,
278 4299 329 4378 qui
351 4315 382 4358 se
404 4307 614 4391 testamentum
631 4299 740 4360 hebere
758 4299 857 4378 ipsum
877 4296 1041 4371 affirmarit,
1054 4297 1154 4360 dicere
1171 4313 1234 4361 non

133 4407 223 4452 susus
235 4391 324 4453 fuerit
336 4392 502 4472 exemplum
512 4392 554 4467 id,
562 4393 643 4473 quod
654 4393 793 4454 Phormio
801 4390 961 4465 exhihere,
970 4390 1035 4473 ejus
1044 4411 1112 4454 esse
1119 4389 1233 4470 scripti,

132 4483 212 4563 qnod
223 4483 290 4565 ipse
303 4495 487 4555 meneretr
508 4505 563 4548 nee
582 4486 631 4548 isti
649 4487 748 4548 dicere
760 4495 874 4566 queunt
886 4505 919 4548 se
932 4485 980 4548 rel
991 4487 1032 4550 oh
1044 4486 1127 4550 im'tio
1143 4483 1244 4548 inter·-
