2967 5017
312 335 370 396 666
531 337 574 398 lN
596 333 794 396 EVERGUM
817 333 871 395 ΕΤ
891 333 1175 394 mnuslnututt.

312 489 466 571 mancipia,
477 489 530 551 sed
542 499 573 549 et
583 489 775 570 supellectilia
787 509 854 569 quse
865 489 957 570 pridie
970 491 1183 572 superfuerant,
1196 496 1338 568 occupat:
1350 506 1386 554 ,ae

311 582 437 662 lapicida
449 581 577 660 quidam,
590 583 641 660 qui
660 583 855 662 propinquum
869 594 1090 644 monumentum
1110 580 1284 662 expoliebat,
1296 578 1387 640 denuo

199 671 200 674 ’
311 674 389 733 abire
403 673 547 753 litargum
561 674 671 753 reliquo
683 676 877 736 insnumento
889 695 927 734 ex
942 675 1055 735 sedibus
1068 674 1140 734 meis
1151 682 1314 753 exportato,
1326 691 1388 731 cum

310 785 368 845 quo
388 765 459 825 nihil
477 767 547 827 mihi
569 768 676 847 negotii
698 767 763 841 tuit,
777 769 905 829 nunciat.
946 768 1021 836 Ques
1041 779 1076 827 ut
1092 786 1138 826 me
1152 785 1220 825 vere
1233 764 1341 837 dicere,
1353 773 1387 834 et,

310 877 360 924 aot
379 857 470 937 pridie
489 879 554 920 mea
571 861 693 941 pignora
711 861 835 941 cepisse,
849 871 880 921 et
899 880 997 920 rursus
1010 859 1115 920 eodem
1134 859 1181 918 dis
1201 858 1231 917 in
1251 859 1332 917 edes
1350 857 1389 914 in·

310 971 425 1030 grmsos
435 953 534 1021 luisse,
542 973 588 1013 me
602 973 671 1014 veto
684 953 824 1033 postridie
837 953 959 1013 solvisse
967 951 1141 1032 judicatum,
1150 961 1181 1010 et
1192 951 1343 1030 pecuniam
1352 948 1389 1008 eis

308 1062 477 1106 numerasse
489 1045 694 1122 constet—qui
707 1046 796 1118 enim,
809 1045 863 1104 nisi
873 1055 904 1104 et
915 1054 1051 1104 coactum
1069 1043 1183 1114 fuisset,
1197 1052 1229 1102 et
1245 1043 1291 1102 eis
1310 1061 1329 1102 a
1348 1059 1388 1099 me

309 1136 525 1208 denunciatum,
539 1136 636 1196 statim
649 1137 829 1217 recepissent
835 1135 991 1195 i-harum
1011 1152 1106 1194 rerum
1128 1133 1299 1193 testimonia
1314 1131 1389 1192 vohis

309 1228 513 1290 recitabuntur.

721 1443 986 1547 TESTIMONIA.

353 1593 399 1650 la.
421 1590 497 1649 Cum
510 1599 617 1661 autem,
626 1598 817 1670 posteaquam
827 1587 869 1647 eis
877 1587 1095 1660 denunciaram,
1105 1587 1236 1659 Judlces,
1247 1597 1283 1648 nt
1295 1605 1388 1663 mum,

309 1701 397 1762 quarn
405 1683 481 1743 male
492 1684 675 1752 mulctarunt,
689 1681 825 1742 adductis
834 1681 953 1742 medicis
965 1691 1108 1752 curarent,
1118 1701 1179 1741 rem
1192 1682 1387 1760 neglexerunt,

309 1795 365 1854 ego
379 1775 440 1855 ipse
454 1776 599 1836 medicum
614 1796 672 1856 quo
685 1776 794 1835 multos
808 1794 900 1835 annos
913 1777 1025 1834 fueram
1046 1795 1126 1847 usus,
1140 1775 1189 1853 qui
1211 1794 1277 1835 mm
1303 1792 1389 1851 agro·

309 1878 419 1928 tantem
441 1879 564 1942 curaret,
586 1867 745 1936 accersivi;
765 1869 848 1945 eique
871 1877 905 1926 ut
923 1866 974 1925 illa
992 1866 1097 1926 allecta
1116 1876 1195 1925 esset
1208 1866 1332 1925 testibus
1346 1863 1390 1922 ad·

308 1959 406 2020 ductis
417 1961 541 2020 ostendi.
571 1960 665 2036 Equo
682 1977 748 2016 cum
763 1958 922 2027 audissem,
933 1958 1055 2034 graviter
1064 1975 1129 2015 eam
1141 1956 1283 2027 laborare,
1297 1977 1333 2016 ac
1346 1956 1390 2014 de·

309 2051 421 2130 plorata
440 2069 504 2108 esse
526 2049 700 2119 valetudine,
714 2067 813 2106 rursus
833 2047 897 2106 aliis
917 2047 1039 2106 testibus
1056 2046 1201 2119 adhibitis,
1216 2047 1258 2105 eis
1283 2048 1391 2108 ostendi

308 2152 342 2200 ut
356 2139 461 2200 affecta
472 2151 559 2210 esset,
576 2140 682 2200 etistis
699 2139 871 2198 denunciari
889 2149 923 2197 ut
940 2157 1004 2198 eam
1016 2150 1160 2197 curarent.
1194 2139 1287 2197 Sexto
1300 2151 1391 2200 autem

309 2232 367 2302 die,
382 2242 538 2310 postquam
548 2231 594 2288 isti
608 2230 637 2288 in
651 2230 730 2289 aedes
744 2230 867 2308 ingressi
880 2231 1003 2300 fuerant,
1018 2228 1090 2288 obiit
1103 2230 1199 2288 nutrix
1212 2248 1288 2288 mea.
1325 2232 1391 2300 Qua

310 2337 342 2384 ut
360 2344 429 2384 vera
442 2343 507 2383 esee
522 2333 649 2393 constet,
663 2322 828 2381 testimonia
845 2322 928 2380 vobis
948 2321 1157 2381 recitabuntur.

728 2551 990 2614 TESTIMONIA.

310 2695 354 2756 Ea
365 2695 505 2756 defuncta
514 2696 729 2774 jureconsultus
745 2695 812 2768 adii,
826 2707 858 2754 ut
871 2715 1078 2774 cognoscerem
1091 2697 1163 2776 quid
1179 2718 1215 2758 aa
1232 2699 1303 2760 mihi
1315 2700 1351 2761 de
1363 2719 1391 2758 re

307 2787 472 2850 faciendum
481 2801 570 2858 esset,
584 2799 613 2850 et
626 2789 667 2849 eis
681 2808 797 2847 omnem
812 2806 872 2847 rem
887 2799 1000 2866 gestam
1010 2791 1142 2867 exposui,
1156 2789 1316 2851 adventum
1329 2794 1392 2852 isto·

308 2901 381 2956 rum,
395 2891 434 2952 et,
449 2881 682 2942 benevolentiam
695 2881 833 2950 mulieris,
847 2890 877 2937 et
895 2888 929 2936 ut
949 2898 1014 2938 eam
1033 2880 1064 2938 iu
1085 2881 1199 2940 aedibus
1218 2882 1392 2957 habuissem,

308 2986 338 3036 et
351 2985 384 3035 ut
398 2986 514 3055 propter
526 2974 670 3054 cymbium
684 2981 826 3030 retentum
840 2970 971 3030 obiisset.
1013 2971 1068 3030 His
1078 2972 1272 3051 jureconsulti
1292 2975 1392 3036 auditis

307 3087 355 3128 me
378 3068 602 3144 interrogarunt,
625 3073 759 3121 utrumne
780 3059 851 3118 mihi
865 3060 902 3120 de
917 3064 982 3140 jure
996 3062 1141 3123 duntaxat
1159 3067 1339 3144 responderi,
1357 3084 1391 3124 an

308 3160 395 3220 etiam
419 3157 571 3218 consilium
593 3153 655 3212 dari
670 3152 792 3212 vellentl
812 3153 863 3212 Me
877 3155 1072 3234 respondente
1094 3167 1260 3239 utrumque,
1278 3157 1392 3240 proinde

307 3250 359 3309 tibi
372 3257 402 3307 et
413 3249 451 3308 de
461 3249 536 3325 jure,
550 3245 692 3323 inquiunt,
706 3245 957 3324 respondebimus,
970 3257 1001 3306 et
1019 3247 1101 3308 utilia
1113 3251 1300 3312 consulemus
1312 3272 1319 3310 :
1339 3249 1392 3329 pri-

302 3359 387 3400 mum
399 3349 434 3399 ut
446 3339 476 3398 in
495 3337 641 3397 efferendo
655 3337 757 3396 funere
770 3338 883 3397 hastam
898 3339 1049 3412 adhibeas,
1059 3351 1089 3399 et
1098 3340 1136 3401 ad
1149 3343 1318 3422 sepulcrum
1331 3359 1392 3422 pro-

306 3432 426 3504 clames,
441 3430 466 3490 si
485 3432 550 3509 quis
570 3431 597 3490 ei
621 3430 659 3492 sit
679 3439 840 3509 cognatus:
863 3430 969 3491 deinde
988 3441 1022 3492 ut
1038 3434 1204 3513 sepulcrum
1216 3436 1260 3499 ad
1271 3436 1392 3497 triduam

307 3523 466 3586 custodias.
508 3523 583 3582 llaec
598 3522 649 3582 tihi
665 3521 832 3590 suademus.
847 3522 966 3601 qnando
976 3523 1038 3603 ipse
1052 3545 1112 3585 non
1126 3526 1242 3598 affuisti,
1258 3528 1312 3590 sed
1326 3543 1392 3585 uror

307 3616 450 3677 duntaxat
463 3624 493 3674 et
506 3613 589 3684 liberi
609 3613 661 3686 tui,
674 3612 780 3692 aliique
790 3624 881 3674 testes
895 3614 947 3674 tibi
960 3637 1019 3676 non
1034 3628 1113 3689 sunt,
1133 3620 1330 3684 utneminem
1343 3635 1391 3676 no·

307 3709 438 3770 minatirn
459 3707 541 3780 cites,
555 3707 607 3766 sed
628 3715 729 3766 sontes
753 3717 783 3766 et
802 3708 1020 3769 interfectores:
1041 3710 1148 3772 deinde
1173 3711 1334 3794 adrogent
1356 3727 1389 3766 ne

305 3802 555 3877 desertumque
577 3799 654 3858 enim
678 3798 708 3858 id
731 3797 798 3876 lege
819 3799 871 3859 tibi
891 3800 970 3862 licet.
1011 3803 1087 3860 Cum
1109 3823 1126 3863 e
1145 3813 1197 3864 tua
1213 3804 1390 3866 famuisnon

306 3894 393 3956 fuerit
412 3911 448 3954 ea
468 3891 579 3962 mulier,
587 3910 687 3968 ¹neque
701 3889 816 3963 ancilla,
830 3893 855 3951 ai
870 3892 912 3952 ita
925 3903 972 3952 est
989 3903 1022 3952 ut
1033 3904 1065 3953 tu
1085 3895 1176 3957 dicis:
1197 3897 1278 3977 leges
1299 3905 1392 3956 autem

306 3985 440 4066 cognatis
454 3997 484 4044 et
496 3981 620 4042 dominis
635 3982 778 4042 actionem
792 3983 872 4044 dant.
915 3983 1051 4057 Proinde,
1069 3985 1095 4045 si
1115 3988 1153 4047 ad
1166 3988 1337 4049 Palladium·
1345 3986 1390 4064 ju-

307 4078 378 4138 raris
400 4078 473 4156 ipse,
496 4094 577 4145 uxor,
602 4075 693 4146 liberi,
713 4083 743 4134 et
765 4095 818 4135 vos
842 4076 1039 4156 familiamque
1063 4091 1188 4140 vestram
1214 4077 1389 4145 devoveritib

301 4167 391 4227 multi
405 4177 435 4226 et
448 4169 531 4247 pejus
545 4167 582 4226 de
596 4174 624 4226 te
638 4167 860 4235 existimabunt3
883 4177 921 4240 et,
945 4169 969 4226 si
986 4169 1027 4228 illi
1040 4169 1238 4246 absolventur,
1254 4173 1390 4253 pejerasse

306 4272 337 4321 te
346 4261 500 4341 putabunt,
516 4263 561 4321 ain
574 4279 640 4322 reos
654 4262 810 4341 peregeris,
823 4260 932 4322 invidia
944 4271 974 4321 te
986 4264 1132 4324 onerabis.
1172 4267 1218 4326 Tu
1235 4285 1303 4326 vero
1316 4263 1389 4321 sacta

306 4367 337 4416 et
360 4375 412 4436 pro
433 4365 462 4416 te
485 4365 514 4416 et
532 4376 585 4437 pro
605 4357 714 4417 familia
733 4356 899 4436 expiatione
920 4375 1008 4436 quam
1026 4358 1193 4438 equissimo
1211 4355 1388 4422 animosam

303 4447 511 4519 calamitatem,
526 4449 593 4508 alibi
607 4459 714 4519 autern,
730 4448 822 4509 sicubi
835 4449 926 4518 voles,
939 4449 1071 4528 injuriam
1084 4451 1246 4514 ulcisceris.
