2967 5017
458 333 514 415 ns
541 355 659 440 nous,
673 337 902 418 urrunnu(
932 377 942 388 ·
1152 353 1219 420 ‘sss
1305 401 1310 410 .

126 509 189 582 bat,
202 519 234 568 et
244 511 413 588 quanquam
425 507 455 567 in
468 507 548 570 redes
561 527 599 568 ue
613 510 654 570 sic
668 511 872 590 quidcmistos
884 512 1014 592 recipcre
1027 510 1220 592 dignabaturz

127 599 163 659 ad
186 599 313 661 curiales
330 610 426 660 tamen
449 600 633 661 introducere
647 612 784 676 coactus,
798 603 887 663 istrum
911 602 1046 663 Boeotum
1067 603 1222 682 inscripsit,

124 693 248 762 alterurn
276 693 472 773 Pamphilum.
520 693 596 752 Mihi
617 689 687 755 vero
705 696 807 756 statim
829 696 976 776 persuasit
996 714 1091 756 anuos
1108 697 1223 757 circiter

126 777 290 845 octodecim
303 796 373 845 nato
386 795 421 844 ut
433 785 576 864 Euphemi
591 786 840 861 filiam'ducarem,
854 789 925 867 quia
932 788 1067 848 bberose
1080 807 1127 848 me
1136 799 1221 850 natos

126 874 225 936 ridere
252 878 397 958 cupiebat.
450 877 516 956 Ego
537 897 618 952 raro,
640 878 773 949 Judices,
797 880 967 941 existimans
991 890 1125 960 oportere
1152 901 1220 940 cum

125 971 217 1048 prius,
231 979 293 1029 tum
308 990 376 1030 vero
389 968 447 1029 iilis
460 989 527 1030 eum
543 971 656 1052 judicio
668 971 846 1032 vexantibus
860 983 890 1032 et
903 975 1053 1053 negotium
1074 973 1221 1034 facessen-

126 1062 276 1132 tibus,·me
290 1073 391 1122 contra
405 1081 472 1122 eum
483 1061 659 1141 exhilarare,
674 1064 819 1124 iaciendis
834 1065 968 1124 omnibus
982 1083 1049 1144 quas
1062 1076 1147 1144 grata
1158 1066 1238 1137 sora,

127 1162 270 1230 putaram,
284 1154 491 1236 obtemperavi.
532 1155 607 1214 Cum
621 1175 690 1216 vero
701 1175 759 1242 ego
770 1176 805 1218 eo
818 1157 907 1217 m'odo
920 1156 1135 1216 matrimonium
1147 1177 1220 1217 cou-

126 1249 290 1319 trarissem,
303 1248 352 1306 ille
366 1248 428 1307 risa
442 1247 533 1329 filiola
545 1265 610 1309 mea
631 1269 691 1309 uon
705 1249 806 1310 multis
821 1253 904 1312 annis
918 1261 986 1332 post
999 1269 1036 1310 ex
1050 1250 1220 1332 valetudine

126 1340 256 1398 moritur.
298 1339 363 1420 Ego
378 1349 486 1411 autem,
500 1339 631 1413 Judioes,
645 1360 700 1402 nec
718 1340 826 1400 virenti
838 1333 915 1421 patri
928 1340 1142 1402 adversandum
1154 1362 1221 1402 essa

124 1441 205 1492 ratus
219 1451 301 1501 sam;
323 1451 415 1511 eoque
436 1442 560 1505 mortuo,
574 1452 625 1493 eos
642 1445 672 1494 et
692 1435 721 1494 iu
742 1434 822 1494 aedes
836 1434 944 1513 recepi,
958 1445 989 1493 et
1008 1453 1110 1494 omnes
1127 1434 1220 1494 facul·

12 1597 13 1606 ἵ
125 1533 201 1583 tates
220 1543 287 1584 cum
312 1525 355 1582 eis
373 1527 496 1602 partitus
516 1543 591 1598 sum,
606 1545 664 1585 non
686 1537 719 1585 ut
737 1533 803 1586 cnm
828 1527 1075 1586 fratribus—uam
1094 1545 1150 1584 uec
1170 1546 1221 1585 re-

125 1625 218 1676 strum
238 1615 392 1694 plerosque
411 1613 484 1675 latet
498 1635 556 1694 quo
575 1627 663 1695 pacto
685 1618 732 1677 isti
750 1618 812 1676 nati
830 1617 938 1687 siut—,
953 1617 1007 1675 sed
1024 1615 1104 1694 quod
1123 1615 1223 1674 existi-

123 1695 252 1776 mabam,
273 1717 430 1783 postquam
448 1717 532 1784 pater
552 1707 694 1787 deceptus
713 1717 803 1782 esset,
816 1708 886 1768 mihi
905 1707 1011 1767 restris
1026 1726 1092 1766 esse
1104 1705 1221 1784 legibus

121 1795 396 1875 obtemperandum.
429 1795 478 1856 Sic
489 1797 519 1855 iu
532 1797 613 1857 ades
625 1818 643 1858 a
656 1815 704 1856 me
714 1798 836 1877 recepti,
849 1808 881 1857 ut
894 1797 1100 1876 patrimonium
1112 1797 1222 1858 diride-

118 1891 242 1960 bamus,
255 1887 423 1966 postulante
437 1905 483 1946 me
504 1899 537 1948 ut
555 1889 655 1948 matris
671 1899 747 1950 mare
768 1889 822 1948 dos
834 1889 915 1970 ‘mibi
927 1888 1115 1960 redderetur,
1124 1899 1156 1948 et
1166 1889 1221 1968 ipsi

122 1977 252 2038 vicissim
267 1980 456 2052 accusabant,
471 1989 636 2039 asserentes
658 1990 688 2038 et
709 1997 773 2040 sua
788 1976 872 2056 moui
884 1979 1069 2038 tantundem·
1077 1979 1155 2040 dotis
1168 1978 1221 2040 de·

124 2071 206 2132 beri:
228 2089 330 2130 sumus
346 2080 442 2128 autem
455 2067 493 2129 d'e
513 2087 612 2130 eorum
633 2071 779 2136 sententia
795 2071 847 2150 qui
866 2071 953 2130 uobis
968 2070 1101 2143 ademnt,
1115 2083 1223 2134 caetera

124 2163 244 2242 quidem
267 2163 368 2224 omniu
385 2162 493 2242 panis,
514 2163 594 2222 aedes
616 2175 715 2224 antem
729 2175 760 2223 et
779 2181 884 2244 pueros
898 2163 989 2244 patris
1003 2165 1151 2226 ministros
1170 2172 1221 2226 er·

125 2265 238 2335 emptos
250 2253 386 2324 iacimus,
401 2265 433 2314 ut
446 2269 481 2314 ex
496 2255 618 2327 aedibus,
629 2256 701 2316 utris
716 2256 815 2317 deberi
825 2255 925 2317 dotem
936 2267 1120 2336 compertum
1133 2269 1222 2332 esset,

125 2347 144 2405 ii
158 2367 223 2406 eam
237 2347 409 2428 reciperent,
423 2347 460 2407 ds
475 2347 572 2426 pueris
586 2343 683 2408 autem
699 2349 916 2419 communibus,
932 2348 1042 2427 siquid
1061 2349 1110 2408 isti
1124 2360 1222 2428 pater·

126 2459 229 2498 narum
242 2440 416 2500 facultatum
434 2439 642 2512 desiderarent,
650 2439 886 2512 sciscitarentur,
899 2448 931 2499 et
942 2439 1120 2518 qurestioues
1133 2441 1223 2512 habe,-

127 2542 203 2604 rent,
216 2543 246 2590 et
259 2531 317 2592 alio
329 2532 431 2610 quovis
445 2529 532 2590 modo
546 2531 732 2610 inquirerent.
775 2531 852 2600 Qua
867 2549 916 2590 me
928 2551 996 2591 vere
1008 2531 1116 2609 dicare,
1127 2552 1163 2592 ex
1177 2533 1222 2594 his
1245 2533 1258 2544 “

125 2623 297 2684 testimoniis
309 2622 489 2702 inteliigetis.

535 2833 803 2894 TESTIMONIA.

127 2976 202 3036 Post
213 2975 279 3036 haec
293 2987 323 3036 et
342 2975 389 3036 isti
409 2994 461 3035 me·
478 2974 510 3033 iu
528 2975 578 3054 jus
592 2974 739 3034 vocabant
757 2980 877 3052 propter
896 2990 932 3030 ea
945 2991 1013 3050 qua
1032 2974 1180 3052 petebant,
1193 2987 1224 3037 et

126 3089 182 3148 ego
197 3067 318 3128 eosdem
331 3077 451 3147 propter
465 3066 574 3127 dotem.
612 3066 657 3124 Ac
671 3066 807 3147 primum,
823 3065 933 3124 Solone
944 3065 1101 3126 Ercbiense
1115 3067 1223 3130 arbitro
1244 3075 1248 3081 ’
1285 3105 1288 3111 -

125 3161 292 3240 designato,
305 3161 333 3220 ei
353 3169 531 3240 potestatem
544 3158 665 3217 fecimus
679 3167 797 3215 mutuas
811 3155 878 3215 lites
891 3168 1006 3217 nostras
1017 3156 1221 3236 disceptandi:

124 3263 270 3328 utentem
282 3255 330 3312 isti
340 3271 372 3311 se
386 3271 445 3311 uon
459 3251 611 3320 sistebant,
623 3248 676 3310 sed
680 3238 825 3328 judicium
839 3249 1222 3319 detrectabant,etmultum

124 3346 267 3426 temporis
291 3344 507 3414 conterebatur,
530 3341 636 3405 accidit
658 3352 692 3400 ut
713 3341 805 3406 Solon
828 3350 1014 3409 mortinetum
1043 3341 1082 3409 ibi
1099 3363 1147 3402 me
1173 3345 1223 3406 isti

126 3456 229 3496 rursus
242 3437 280 3495 de
289 3436 402 3514 integro
416 3434 444 3492 iu
455 3433 504 3512 jus
518 3443 635 3506 vocant,
650 3451 706 3512 ego
721 3434 791 3493 item
805 3431 905 3503 istum,
925 3432 1015 3492 citato
1028 3449 1064 3492 eo
1076 3443 1108 3514 et
1127 3435 1223 3500 Boeoti

126 3529 245 3589 nomine
266 3527 296 3586 in
317 3527 461 3586 actionem
484 3525 641 3603 inscripto;
678 3523 721 3586 sic
746 3524 822 3582 enim
844 3535 928 3602 pater
954 3543 1022 3590 eum
1049 3527 1222 3588 nominarat.

12 3629 14 3636 “
127 3621 346 3700 Quibus-igitur
359 3619 396 3678 de
409 3620 496 3677 rebus
509 3619 558 3677 isti
569 3637 615 3676 me
629 3619 819 3692 accusabant,
830 3629 975 3697 prasente
988 3618 1046 3678 isto
1060 3629 1092 3678 et
1101 3640 1221 3698 respou-

127 3715 227 3784 deute,
251 3731 318 3772 curn
337 3709 409 3769 urbii
430 3729 528 3769 eorum
550 3729 617 3786 quae
631 3709 810 3768 accusabant
822 3710 945 3789 probare
963 3723 1075 3787 posset,
1096 3711 1223 3773 absolvit

126 3824 173 3866 ma
183 3805 314 3866 arbiter*
333 3803 408 3862 Tum
420 3803 474 3862 iste
485 3801 622 3862 conscius
637 3821 669 3861 sc
682 3800 753 3862 mihi
762 3820 814 3880 per
823 3800 957 3880 injuriam
970 3799 1121 3862 intendere
1130 3801 1221 3876 litem,

126 3896 281 3977 nequead
298 3895 415 3976 judices
436 3893 714 3975 appellanturque
732 3893 891 3953 etiamnum
912 3893 948 3953 iis
971 3893 1008 3951 de
1029 3891 1115 3950 rebus
1129 3892 1222 3952 ullum

123 3991 267 4065 judicium
277 3987 347 4048 mibi
361 3987 491 4060 dictavit,
507 3987 558 4046 sed
572 3987 608 4050 de
619 3986 683 4046 aliis
698 3985 892 4064 quibusdomr
902 3984 1104 4051 ‚refutaturum
1118 3985 1221 4049 saillis

127 4083 296 4150 criminibus
307 4080 337 4141 id
347 4080 493 4161 judicium
502 4078 681 4152 existimans,
694 4099 753 4158 quo
767 4097 822 4157 ego
834 4087 898 4146 tum
916 4095 985 4136 euru
998 4076 1036 4136 de
1050 4075 1121 4136 dote
1134 4096 1221 4139 accu-

129 4178 240 4234 sabam.
282 4175 357 4233 Cum
371 4191 441 4231 vero
460 4173 514 4232 iste
528 4171 576 4230 bic
590 4182 670 4231 esset
686 4180 718 4230 et
737 4170 776 4230 ad
789 4168 938 4245 arbitrium
959 4186 1019 4227 uon
1036 4169 1157 4242 reniret,
1170 4173 1222 4230 ab·
1253 4250 1255 4254 Α

128 4287 196 4328 saus
220 4267 271 4326 itte
291 4265 408 4345 quidem
432 4263 654 4328 condemnatur.
706 4262 874 4331 Caeterum,
887 4259 1019 4334 Judices,
1042 4281 1139 4340 neque
1159 4271 1222 4322 tum
1303 4279 1308 4286 ·

128 4377 226 4425 curam
247 4345 418 4438 respondet,
429 4367 460 4416 et
481 4365 512 4416 ss
535 4355 634 4416 arbitri
657 4354 804 4416 sententia
827 4371 879 4431 per
899 4371 947 4444 me
965 4352 1135 4429 dannatum
1157 4373 1223 4416 erse

129 4445 235 4530 negatr
256 4447 444 4529 nequeenim
459 4447 513 4508 sibi
526 4446 642 4520 Beato,
656 4446 709 4506 sed
724 4443 890 4508 Mantitbeo
902 4463 969 4506 esse
982 4459 1103 4507 nomeu:
1126 4443 1223 4523 itaque
