2967 5017
271 338 332 404 '6³0
562 337 781 407 ADVERSUS
800 339 1072 406 LEOCHAREM.

670 533 962 598 CONTESTATIO.
1042 528 1046 536 “

272 675 462 738 Contestatus
484 677 571 758 igitur
587 679 642 740 iste
661 689 717 752 est,
731 679 773 738 ita
793 696 865 739 sane
883 677 958 737 sicut
975 676 1139 747 audivistis,
1157 674 1187 734 in
1200 673 1358 735 Archisdae

269 767 468 829 hereditatem
483 771 531 850 agi
543 789 602 831 non
613 789 712 850 posse,
722 791 790 831 oum
802 770 830 830 ai
839 771 898 831 siut
909 771 1056 831 naturales
1068 769 1151 830 liberi
1163 769 1246 829 firma
1255 781 1359 831 aucto·

267 858 352 917 ritate
366 877 403 918 ex
415 859 556 921 instituto.
597 863 768 930 Quaeramus
775 861 872 941 igitur,
882 861 941 922 sint
949 882 987 921 ne
999 861 1127 932 siliberi,
1141 861 1355 921 anistaialsum

268 959 449 1011 contestatus
463 953 511 1013 sit.
536 953 696 1014 Archiades
709 953 770 1026 ille,
783 953 868 1033 cujus
880 963 926 1013 est
934 953 1101 1025 haereditas,
1110 951 1260 1031 adoptavit
1270 953 1356 1012 istius

266 1043 318 1121 qui
331 1059 409 1102 nune
417 1053 599 1105 contestatus
613 1057 659 1105 est
671 1064 777 1106 arum:
797 1045 823 1106 is
835 1063 915 1118 rero,
934 1045 1064 1124 legitimo
1076 1043 1136 1105 utto
1153 1045 1256 1104 relicto
1273 1055 1358 1125 patre

222 1191 223 1198 ,
264 1135 349 1195 istim
361 1134 525 1208 Leostrato,
540 1137 579 1196 ad
593 1137 758 1199 Eleusinios
770 1137 873 1198 rediit:
892 1138 1037 1218 posthaec
1049 1138 1113 1218 ipse
1127 1136 1295 1197 leonnatus
1309 1135 1358 1195 iti·

267 1225 344 1297 dem,
357 1225 458 1286 relicto
473 1229 542 1301 filio,
559 1229 588 1288 in
610 1240 761 1311 paternam
779 1231 917 1291 familiam
936 1231 1042 1291 rediit:
1061 1230 1110 1290 ille
1123 1249 1192 1290 vero
1205 1231 1242 1290 ab
1254 1249 1292 1290 eo
1304 1249 1359 1310 po·

266 1325 393 1377 stremus
406 1318 524 1380 relictus
534 1323 663 1382 omniurn
677 1323 882 1404 adoptatorum
896 1324 958 1383 sine
980 1322 1075 1382 liberis
1087 1319 1223 1394 decessit,
1235 1321 1361 1401 proinde

268 1409 377 1471 familia
390 1410 508 1472 deserta
522 1413 607 1473 rediit
618 1414 772 1474 haereditas
785 1431 887 1473 rursus
900 1414 939 1475 ad
953 1415 1069 1492 eosqui
1088 1413 1126 1473 ab
1145 1413 1229 1472 initio
1251 1431 1361 1491 genere

264 1503 388 1580 proximi
401 1503 529 1564 luerunt.
567 1505 634 1573 Quo
647 1515 735 1584 pacto
748 1505 846 1583 igitur,
858 1506 940 1584 quod
956 1505 1038 1566 istius
1058 1506 1268 1566 contestatione
1281 1505 1361 1564 ailir-

265 1603 371 1668 matur,
391 1595 441 1654 filii
460 1595 548 1671 aliqui
568 1596 723 1655 Archiadm
740 1597 844 1673 reliqui
865 1615 931 1655 esse
951 1607 1084 1675 possent,
1100 1617 1169 1657 cum
1187 1608 1218 1658 et
1231 1595 1362 1676 adoptivi

265 1684 329 1764 ejus
344 1703 375 1763 se
393 1701 540 1762 regressos
555 1701 621 1742 esse
635 1683 793 1756 fateantur,
805 1693 837 1744 et
854 1685 881 1744 is
899 1686 951 1765 qui
970 1698 1136 1766 postremus
1149 1689 1179 1747 in
1192 1688 1303 1749 familia
1314 1707 1360 1746 re-

264 1775 351 1836 lictus
366 1783 412 1836 est
423 1775 511 1834 orbus
525 1771 704 1833 decesseritl
732 1773 860 1834 Proinde
878 1796 998 1837 neeesse
1012 1789 1058 1838 est
1070 1778 1210 1838 familiam
1228 1797 1294 1838 esse
1306 1778 1360 1837 de-

266 1877 388 1928 sertam:
408 1885 474 1945 quse
488 1865 603 1925 deserta
614 1883 683 1924 cum
697 1865 747 1938 sit,
756 1865 837 1927 liberi
852 1885 1005 1947 superesse
1019 1879 1177 1945 nequeunt.
1200 1870 1261 1930 lste
1270 1871 1360 1950 igitur

264 1967 445 2020 contestatus
460 1966 507 2018 est
519 1977 570 2017 eos
584 1957 635 2036 qui
648 1977 707 2018 non
721 1968 792 2017 sunt
803 1978 886 2028 esser
905 1970 936 2018 et
951 1961 981 2018 in
997 1957 1209 2019 contestatione
1229 1960 1359 2040 scripsit,

264 2069 349 2112 cum
375 2049 462 2111 sint
487 2048 619 2120 liberi,
640 2050 1046 2129 quiunurnseesseasserit.

308 2143 355 2202 16.
371 2143 491 2201 Atcum
504 2139 576 2201 dicit
597 2141 809 2201 naturales
827 2143 934 2201 firma
955 2141 1212 2203 auctoritate
1235 2159 1283 2202 ax
1306 2145 1360 2206 in·

264 2235 364 2296 stite
373 2245 424 2311 to,
446 2236 635 2314 imposturam
648 2233 720 2294 iacit
732 2244 835 2294 oontm
845 2233 951 2312 legem.
975 2233 1051 2293 Nam
1063 2233 1137 2294 illud
1149 2245 1196 2296 ast
1209 2254 1276 2296 esse
1295 2257 1316 2296 n
1327 2256 1359 2299 a·

230 2349 234 2364 ·
263 2326 397 2388 turale
407 2346 446 2398 nr,
467 2326 492 2387 si
506 2327 571 2406 quis
584 2326 695 2386 semina
710 2337 790 2387 satus
803 2325 899 2399 fuerit,
913 2335 944 2386 et
956 2324 1013 2386 huc
1026 2335 1149 2387 testatur
1166 2327 1214 2386 lex
1232 2327 1279 2388 his
1291 2348 1358 2388 ver·

264 2425 321 2498 bis,
341 2441 450 2502 quam
470 2421 735 2502 desponderit
756 2430 866 2500 pater
887 2430 952 2480 aut
970 2420 1098 2481 irater
1115 2432 1183 2481 sut
1200 2435 1357 2495 arus,ex

263 2535 309 2577 ea
332 2514 538 2575 naturales
560 2533 605 2574 ac
628 2512 808 2592 legitimi
837 2510 956 2572 liberi
987 2523 1119 2574 sunto:
1148 2515 1267 2574 verbum
1289 2533 1357 2594 por·

261 2629 295 2670 ro
321 2617 409 2668 rata
445 2605 697 2668 auctoritate
722 2605 874 2685 legislator
899 2605 938 2666 de
966 2605 1172 2686 adoptionibus
1194 2608 1358 2687 usurparit,

263 2701 344 2783 quod
364 2700 558 2774 existimabat,
579 2698 729 2778 siquis,
751 2700 871 2759 orbus
894 2717 1051 2759 suorum
1074 2700 1268 2759 bonorum
1294 2697 1357 2760 do-

261 2794 402 2869 minus,
427 2795 551 2854 filium
575 2791 801 2871 adoptarit,
827 2801 956 2852 ratum
982 2789 1021 2850 id
1045 2809 1146 2851 esse.
1200 2790 1261 2850 Iste
1286 2809 1358 2852 varo

262 2897 409 2949 natura
431 2888 544 2948 nullum
568 2883 724 2945 Archiadae
745 2884 837 2943 filium
857 2901 924 2942 essa
944 2883 999 2942 ait:
1031 2882 1085 2942 sed
1104 2891 1286 2943 contestatus
1308 2893 1359 2943 est

263 2999 348 3040 curu
373 2981 456 3041 sint
479 2977 705 3048 naturales,
735 2973 945 3033 contestatione
959 2973 1093 3033 iactarei
1107 2974 1262 3035 contraris.
1295 2976 1356 3044 Qui

261 3089 328 3130 curn
342 3091 374 3132 se
388 3071 557 3151 adoptiuum
572 3085 636 3126 essa
650 3064 830 3144 profiteatur,
843 3063 881 3122 ab
893 3063 960 3142 ipso
973 3064 1113 3127 defuncto
1122 3077 1158 3127 ut
1165 3077 1287 3128 constat
1296 3069 1358 3129 uos

262 3173 309 3221 ast
328 3163 507 3241 adoptatus:
528 3156 661 3239 proinde,
684 3173 745 3234 quo
768 3166 855 3235 pacto
879 3156 931 3216 tibi
954 3156 1012 3218 ista
1027 3178 1116 3237 porro
1134 3171 1200 3221 rata
1218 3170 1306 3222 erunt
1318 3181 1358 3222 ex

261 3251 418 3311 instituto?
449 3251 618 3330 Propterea,
631 3247 778 3322 nimirum,
801 3249 882 3328 quod
901 3249 1056 3331 inscriptus
1080 3262 1125 3313 est
1147 3253 1358 3314 Archiadaa

262 3343 388 3412 filiun
417 3344 455 3404 ab
469 3342 531 3403 istis
544 3341 658 3403 scilicet
669 3361 763 3423 nuper
776 3338 803 3401 v'i
817 3341 907 3413 iacta,
922 3359 990 3401 cum
1004 3343 1040 3403 lis
1053 3344 1090 3404 de
1103 3345 1275 3406 haereditate
1292 3346 1359 3425 jam

260 3443 426 3496 contestata
448 3447 535 3496 esset
585 3437 654 3495 Non
675 3445 722 3495 est
744 3434 876 3515 proiecto
894 3436 1007 3514 justum
1027 3435 1168 3520 ‚injuriam
1193 3438 1359 3518 argumenti

260 3527 327 3589 loco
341 3528 498 3589 adducere.

305 3623 353 3683 17.
374 3621 450 3681 Nam
464 3620 549 3695 illud,
568 3618 700 3693 ludices,
713 3619 782 3680 t'erri
803 3619 854 3700 qui
870 3629 979 3701 potest,
990 3639 1059 3680 aum
1078 3622 1129 3700 qui
1150 3641 1231 3684 nunc
1251 3623 1358 3684 incun-

261 3725 377 3776 ctanter
395 3715 475 3775 dicat
495 3733 528 3774 se
552 3711 720 3792 adoptivum
741 3730 819 3786 esse,
831 3712 861 3772 in
884 3712 1098 3774 contestatione
1114 3713 1146 3774 id
1156 3714 1283 3776 scribare
1294 3733 1356 3775 nnn

139 3876 150 3884 ,
261 3809 352 3868 inisse
373 3826 494 3867 ausum:
513 3805 565 3866 sed
584 3804 722 3883 scriptum
738 3802 769 3862 in
788 3805 1000 3866 contestatione
1022 3803 1064 3863 ita
1078 3823 1142 3866 esse
1162 3817 1197 3866 ut
1213 3805 1253 3866 de
1269 3807 1358 3868 tilio

263 3899 455 3972 naturali,
479 3917 516 3959 ea
538 3916 605 3977 quoe
627 3915 696 3956 mox
718 3895 852 3956 dicentur
874 3907 909 3956 nt
927 3895 966 3956 de
983 3895 1188 3975 adoptirol
1216 3898 1306 3966 Quod
1329 3897 1356 3957 si

260 3993 463 4054 defensionem
478 3991 630 4054 attulerint
641 3989 847 4050 contestationi
860 3988 1045 4060 contrariam,
1057 3987 1144 4048 aliter
1154 3989 1217 4049 fieri
1230 3989 1281 4068 qui
1299 4009 1357 4070 po·

261 4093 321 4143 test
333 4085 403 4164 quin
425 4099 476 4145 aut
489 4081 623 4144 defensio
643 4081 719 4141 salsa
740 4080 780 4141 sit
799 4091 851 4141 aut
870 4080 1065 4142 contestatio?
1092 4081 1157 4142 Nec
1176 4081 1215 4141 ab
1235 4099 1267 4140 re
1281 4083 1357 4146 ado·

259 4179 389 4256 ptionem
404 4177 434 4236 in
455 4175 667 4239 contestatione
680 4193 740 4234 uon
753 4185 925 4254 posuerunt
966 4173 1202 4234 Adscribendunr
1221 4172 1299 4233 eninr
1311 4178 1357 4237 eis

260 4267 374 4341 luisset,
387 4287 406 4328 e
418 4289 476 4347 quo
491 4278 590 4331 essent
609 4267 757 4348 adoptati:
778 4267 828 4327 ille
851 4278 949 4328 autam
971 4286 1023 4328 eos
1045 4285 1105 4327 non
1124 4267 1285 4349 adoptavit,
1299 4271 1356 4332 sed

258 4359 316 4442 ipsi
328 4379 392 4420 sese
403 4360 577 4444 adoptantes
592 4381 646 4423 nos
659 4359 829 4422 hereditate
843 4360 981 4441 spoliant.
1029 4376 1032 4382 ·

175 4445 178 4462 ’
301 4455 349 4516 18.
369 4453 435 4515 lam
454 4463 487 4514 ut
509 4473 665 4534 pergarnus
684 4453 721 4516 sd
746 4453 813 4529 alia,
826 4453 876 4532 qui
894 4473 955 4514 non
975 4452 1133 4514 absurdum
1156 4450 1241 4512 simul
1254 4451 1354 4514 etini-
