2967 5017
271 292 330 352 698
580 291 800 354 ADVERSUS
822 289 1054 354 Posticulum.

271 457 354 525 orum
367 454 535 520 mereatum,
548 446 689 522 venimus,
699 457 730 508 et
741 447 854 527 egressi
866 466 903 508 ec
912 447 1010 527 pransi
1022 461 1134 516 sumus,
1143 440 1182 502 ed
1191 457 1239 500 me
1249 437 1364 502 uooedit

272 552 425 600 deuterum
441 559 516 600 unus
527 538 663 600 Callicles
674 539 840 620 Epitrephis
853 540 888 600 F.
899 538 1058 610 Thriasius,
1071 554 1188 596 meeum
1199 531 1239 594 de
1252 552 1284 593 re
1297 549 1365 612 quse
1460 536 1461 541 ’

272 649 337 690 mee
350 631 503 692 interesset
518 632 728 694 collocuturus.
770 632 847 692 Cum
866 633 965 693 dicere
981 630 1147 712 jussissem,
1159 645 1192 686 se
1212 625 1284 685 mihi
1298 643 1366 704 gru·

272 723 341 783 tiam
363 724 520 785 relaturum
537 725 578 786 ait
590 735 731 804 quentum
745 735 855 806 posset,
868 724 949 805 quod
968 723 1021 783 sibi
1042 724 1074 782 in
1092 729 1222 800 egestate
1244 735 1364 778 succur-

270 815 382 876 rissem.
423 817 515 890 Tune,
530 816 633 897 inquit,
646 817 710 878 hsec
723 817 870 898 navigatio
883 817 941 878 scis
954 836 1013 896 qua
1025 815 1063 876 de
1084 831 1176 874 cause
1189 830 1285 891 quove
1299 829 1364 870 sus·

271 907 417 986 cipieturi
439 909 514 970 Cum
538 909 756 990 respondissem
772 931 820 971 me
834 910 957 985 nescire,
975 927 1042 989 ego,
1067 906 1172 987 inquit,
1187 904 1238 965 tibi
1256 903 1365 962 dicem.

272 1000 315 1058 Te
333 1019 404 1061 vero
424 1001 707 1084 euditereprudens
728 1001 802 1062 inire
821 998 1155 1079 consilium‘oportebit:
1176 1005 1365 1057 recturures

271 1090 417 1152 hominem
432 1091 573 1165 exsulem,
591 1113 679 1173 quem
693 1094 887 1156 Athenienses
905 1096 949 1155 bis
968 1093 1072 1174 cepitis
1090 1093 1275 1162 damnarunt,
1295 1087 1367 1148 cd-

269 1182 412 1244 listretum
429 1183 574 1246 Methone
586 1186 714 1247 Tbesum
729 1186 768 1246 ad
781 1186 998 1247 Timomsehum
1013 1203 1164 1265 generum,
1184 1190 1217 1242 ut
1237 1199 1306 1260 ego,
1319 1179 1365 1240 in·

272 1275 346 1352 quit,
358 1297 376 1335 e
397 1277 522 1357 Callippi
545 1278 642 1357 pueris
661 1277 770 1338 audiri.
810 1279 856 1337 Tu
869 1280 969 1358 igitur,
982 1278 1008 1337 si
1018 1278 1106 1357 sapis,
1119 1274 1265 1334 neminem
1277 1291 1366 1332 exsu-

270 1368 330 1428 lem
340 1389 443 1431 nerem
456 1371 654 1432 conscendere
667 1373 745 1432 siner
755 1391 763 1432 τ
775 1381 821 1433 est
829 1373 907 1432 enim
917 1373 1031 1452 legibus
1039 1369 1235 1430 interdictum.
1249 1366 1368 1436 Quibus

273 1479 361 1540 egee
377 1461 497 1522 Callicle
521 1463 628 1523 auditis
645 1463 756 1524 accedo
775 1462 814 1523 ad
832 1463 1009 1543 Callippum,
1027 1465 1153 1540 eumque
1172 1478 1255 1538 rogo,
1277 1478 1367 1539 quor·

273 1573 338 1614 sum
353 1553 480 1635 naviget,
495 1574 610 1634 queque
623 1556 662 1615 de
676 1574 777 1616 eausa.
817 1555 862 1614 Eo
875 1574 944 1615 vero
961 1573 1009 1614 me
1023 1553 1172 1614 deridente
1185 1562 1217 1612 et
1235 1570 1367 1612 eeoom·

272 1647 403 1708 minente
426 1666 494 1727 quse
512 1646 642 1726 nec‘ipsi
664 1648 944 1726 ignoretis-neque
970 1648 1048 1711 enim
1070 1665 1131 1706 non
1155 1643 1269 1722 experti
1294 1645 1367 1704 estis

273 1738 400 1819 Callippi
421 1738 622 1818 ingenium··,
642 1740 671 1799 ei
688 1739 765 1813 dieo,
786 1739 873 1800 sudio
894 1751 923 1800 te
946 1740 1083 1818 reerigere
1104 1737 1143 1798 ad
1166 1736 1367 1798 Callistratum

273 1831 489 1892 adducendum.
531 1831 595 1910 Ego
610 1851 678 1892 vero
693 1831 840 1892 neminem
853 1830 986 1891 exsulem
1009 1831 1124 1904 rehem,
1136 1849 1232 1907 neque
1246 1828 1286 1888 ad
1298 1846 1369 1886 eum

273 1923 437 2002 navigabo:
457 1924 539 2002 leges
553 1922 629 1980 enim
645 1941 705 1980 non
718 1923 819 1980 sinunt
834 1923 983 1999 suscipere
996 1921 1086 1980 ullum
1097 1922 1239 1993 exsulem,
1252 1929 1306 1980 sut
1318 1939 1368 1979 eo·

273 2017 340 2075 dem
360 2015 479 2073 erimine
501 2013 593 2072 teneri
608 2013 715 2090 jubent
738 2031 806 2070 eum
824 2013 874 2090 qui
893 2013 1055 2092 susceperit
1066 2033 1124 2092 quo
1138 2014 1218 2092 ipsos
1237 2011 1367 2073 exsules.

274 2107 414 2165 Revertor
424 2103 512 2182 igitur
520 2121 586 2162 cum
597 2091 715 2163 nevead
727 2104 846 2165 ducem:
870 2123 994 2182 eumque
1006 2105 1248 2166 conscendissent
1257 2116 1367 2176 muta,

273 2197 598 2278 gubernatoremjubeo
611 2195 704 2256 redire
730 2197 869 2256 Thasum.
902 2196 1092 2275 'Refrsgsnte
1115 2196 1251 2275 Collippo
1271 2207 1304 2256 et
1319 2196 1368 2276 ju·

273 2293 361 2352 bente
385 2291 523 2368 navigare
547 2288 578 2346 in
600 2289 815 2360 Macedoniam,
836 2307 896 2367 quo
916 2289 975 2347 dux
994 2288 1142 2367 jussisset,
1160 2287 1368 2366 respondetei

275 2381 450 2459 Posidippus
471 2381 656 2458 gubernetur,
671 2399 718 2438 me
733 2390 765 2439 et
777 2380 945 2458 prefectum
959 2399 1024 2438 esse
1037 2378 1147 2440 triremi
1161 2389 1192 2438 et
1205 2379 1368 2440 rationibus

274 2471 429 2534 reddendis
444 2471 612 2543 obnoxium,
625 2483 656 2532 et
677 2491 709 2532 se
732 2473 897 2532 mercedem
915 2492 934 2532 a
950 2491 997 2532 me
1022 2471 1161 2551 accipere.
1202 2469 1367 2551 Navigam-

274 2585 337 2626 rum
353 2566 441 2644 igitur
448 2563 578 2624 Thasum
596 2563 634 2624 ad
648 2563 764 2638 ducem,
776 2585 835 2645 quo
846 2585 903 2645 ego
912 2565 1075 2646 jussissem.

319 2660 364 2717 14.
386 2656 530 2718 Postridie
543 2675 610 2716 cum
624 2657 752 2718 Thasum
765 2659 953 2732 redissemus,
967 2657 1092 2720 secessit
1102 2677 1149 2718 me
1158 2657 1367 2719 Timomeohus

274 2753 304 2812 in
318 2771 403 2812 suum
416 2749 614 2822 diversorium,
630 2753 873 2832 quoderatestre
881 2753 997 2812 moenie.
1040 2752 1104 2831 Ego
1114 2770 1183 2811 vero
1196 2750 1368 2812 senneber
1460 2800 1461 2827 ,

274 2846 389 2916 timens,
402 2845 431 2904 in
454 2843 629 2908 calumniam
648 2845 795 2906 adductus
817 2865 836 2904 s
859 2844 1004 2924 Collippo,
1026 2844 1089 2922 ipse
1111 2863 1170 2903 non
1190 2861 1288 2923 pereo,
1311 2843 1367 2904 sed
1460 2834 1461 2871 ³

273 2939 404 3000 ministro
425 2938 502 3010 dico,
524 2939 634 3017 siquid
657 2957 773 2998 mecum
790 2956 876 3015 egere
897 2935 995 3011 vellet,
1013 2955 1061 2995 me
1075 2936 1106 2996 in
1129 2935 1192 2996 foro
1215 2937 1366 2996 futurum:
1460 2962 1461 3029 ι

274 3042 306 3092 et
317 3051 441 3112 puerum
454 3050 521 3091 oum
532 3050 567 3089 eo
581 3031 673 3099 mitto,
687 3041 720 3088 ut
732 3029 756 3086 ei
770 3029 840 3107 quid
853 3029 902 3087 ille
915 3028 1083 3107 imperaret,
1092 3029 1162 3088 mihi
1174 3028 1366 3088 renunciaret.
1460 3042 1461 3051 ¹

275 3125 398 3204 Propter
410 3124 464 3182 hes
480 3141 585 3182 causes
605 3141 677 3200 ques
691 3120 752 3180 diui
765 3123 858 3194 vobis,
871 3122 1079 3183 Timomachus
1093 3143 1151 3182 non
1165 3123 1263 3203 coegit
1275 3122 1366 3182 istum

273 3218 403 3296 accipere
417 3233 542 3282 narem:
563 3219 760 3294 prsetereeque
779 3215 841 3294 ipse
854 3215 921 3274 nuri
932 3215 975 3275 uti
992 3214 1084 3274 voluit
1093 3215 1202 3296 optime
1215 3217 1365 3275 instructu.

274 3306 351 3366 Nem
376 3304 575 3385 Thrasylocho
591 3306 786 3387 Anagyrssio,
804 3307 887 3386 cujus
906 3305 972 3385 ipse
994 3305 1102 3366 triremi
1116 3306 1285 3379 vehebatur,
1298 3321 1367 3385 per·

273 3399 379 3480 suedet
392 3406 425 3457 ut
446 3397 581 3477 Callippo
599 3399 803 3478 prefecturam
816 3398 905 3468 locet,
918 3415 977 3476 quo
994 3397 1144 3478 Callippus
1157 3417 1232 3459 nure
1253 3399 1367 3476 potitus

275 3511 328 3552 suo
341 3490 480 3552 arbitratu
493 3491 693 3552 Callistratum
703 3490 946 3551 circumveheret:
967 3490 1030 3568 ipse
1042 3509 1122 3563 sero,
1137 3510 1203 3552 mea
1211 3490 1279 3552 nevi
1292 3509 1365 3550 con·

272 3603 386 3658 scenso,
396 3585 498 3665 quovis
513 3585 682 3664 obnavigst,
692 3582 788 3644 donec
801 3585 831 3643 in
842 3583 1064 3664 Hellespontum
1075 3583 1264 3662 pervenisses
1286 3584 1366 3644 Cum

273 3687 371 3736 eutem
384 3677 410 3746 ei
425 3677 587 3737 triremibus
597 3677 660 3756 jem
673 3695 732 3736 non
746 3687 821 3736 esset
837 3696 921 3756 opus,
933 3677 1042 3757 Lycios
1056 3676 1231 3738 Pallenense
1244 3676 1320 3738 duce
1332 3677 1365 3736 'm

271 3789 366 3830 meam
385 3789 489 3830 narem
499 3768 658 3839 collocato,
675 3769 723 3849 qui
744 3769 898 3849 pecuniam
914 3769 1042 3849 quotidie
1061 3770 1158 3830 nuutis
1171 3770 1267 3843 deret,
1284 3769 1365 3832 abire

272 3861 391 3922 domum
404 3881 449 3922 me
459 3862 553 3941 jubet

316 3958 362 4015 lb.
383 3955 418 4014 ln
440 3973 476 4014 eo
494 3953 596 4014 itinere
610 3953 720 4014 Tenedi
740 3974 807 4015 cum
826 3974 967 4027 essemus,
981 3976 1047 4017 cum
1059 3975 1152 4036 neque
1166 3956 1302 4038 Lycinus,
1315 3959 1366 4018 cui

271 4045 478 4105 Timomachus
500 4044 532 4104 id
556 4045 718 4117 manderet,
743 4047 840 4109 neutis
859 4047 1034 4126 stipendium
1060 4049 1304 4128 solveret-quod
1331 4069 1365 4110 se

271 4155 405 4195 nummos
428 4157 488 4198 non
509 4138 629 4210 hebere,
652 4137 706 4198 sed
728 4139 878 4218 Mitylenis
902 4150 1091 4220 accepturum
1111 4147 1178 4202 es'se
1202 4141 1365 4213 diceret-,

270 4249 365 4308 neque
386 4231 628 4294 militibus'csset
650 4233 726 4294 unde
751 4245 944 4295 commeatum
958 4249 1097 4306 emerent,
1111 4248 1142 4298 et
1157 4237 1249 4316 jejuni
1267 4255 1364 4299 moros

271 4339 357 4399 agere
371 4341 429 4382 non
443 4337 580 4403 possent:
601 4345 699 4394 rursus
713 4345 770 4404 ego
782 4325 894 4387 civibus
912 4329 1034 4390 testibus
1050 4329 1197 4401 adhibitis,
1212 4328 1364 4409 Polyelem

162 4505 166 4512 Ι
269 4411 378 4474 Tenedi
391 4433 555 4493 aggressus,
568 4430 599 4478 et
613 4439 717 4480 navem
732 4418 875 4499 accipere,
889 4431 924 4482 ut
938 4427 1147 4498 successorem,
1161 4435 1193 4486 et
1204 4421 1283 4484 mihi·
1294 4421 1364 4484 red·
