2967 5017
234 327 293 388 588
567 317 784 382 ADVERSUS
813 313 994 376 BOEOTUM
1112 395 1115 402 Ι

234 482 277 543 eis
289 477 428 566 prestitis
448 477 484 538 iis
507 497 574 558 quaa
594 460 679 558 aqua
697 471 889 554 suntjudicio
902 467 1104 548 supersedere,
1117 484 1179 525 non
1191 473 1331 524 verentur

234 573 317 634 vobis
337 573 366 632 in
386 571 554 632 memoriam
574 587 722 638 revocare,
736 565 761 625 si
780 561 849 643 quid
870 573 922 622 aut
944 568 1144 642 paternoster
1167 576 1227 616 non
1249 566 1332 616 reete
1377 621 1380 629 ¹

234 665 313 736 lecit,
328 673 381 724 aut
402 663 457 744 ipsi
481 664 512 722 in
534 681 600 722 eum
621 659 816 739 deliquerunt,
831 673 937 731 meque
956 671 1056 711 aecum
1075 650 1190 728 litigare
1207 657 1331 726 cogunt.

236 755 278 818 Ut
290 765 389 816 autem
402 763 483 824 certo
496 753 606 825 sciatis,
622 753 686 833 ejus
699 751 742 812 rei
754 767 875 810 causam
886 766 933 806 me
947 765 1006 806 non
1019 763 1096 816 esse,
1109 743 1163 808 sed
1174 742 1257 813 blot,
1269 761 1332 804 mm
1446 799 1450 813 ,

235 865 352 906 omnem
364 847 402 906 ab
416 846 499 908 initio
512 845 604 916 robis,
617 863 703 923 quam
717 853 820 922 potero
832 838 1010 909 brevissime,
1020 835 1190 914 explicabo.
1329 875 1333 883 .

277 940 306 996 2.
330 937 430 997 Mater
445 957 520 1010 mea,
537 936 672 1010 ludices,
685 933 746 994 filia
760 932 817 993 tuit
830 929 979 1010 Polyarati
992 926 1213 1005 Cholargensis,
1227 923 1334 986 Mene·

236 1030 314 1098 reni,
331 1028 459 1108 Bathylli
475 1039 506 1089 et
519 1027 671 1088 Periandri
691 1044 783 1086 soror.
824 1023 900 1082 Cum
917 1039 987 1081 rero
1005 1029 1089 1099 pater
1111 1037 1176 1078 eam
1197 1017 1336 1078 Cleome-

238 1119 320 1182 donti
331 1121 450 1181 Cleonis
469 1119 528 1180 lilio
542 1119 759 1202 despondisset,
773 1125 803 1176 et
817 1116 960 1175 talentum
974 1113 1072 1172 dotem
1086 1109 1261 1183 addidisset,
1274 1108 1334 1190 pri·

238 1231 318 1272 mum
330 1212 393 1292 ejus
411 1212 629 1273 materfamilias
649 1209 721 1271 luit:
750 1209 826 1270 natis
844 1205 978 1267 autemei
990 1204 1081 1266 tribus
1092 1205 1258 1286 filiabus,et
1273 1221 1335 1270 uno

237 1304 298 1364 tilio
312 1305 434 1376 Cleone,
447 1303 609 1382 maritoque
622 1313 728 1383 postea
740 1301 891 1371 defuncto,
905 1298 1026 1358 deserta
1038 1296 1150 1355 familia
1169 1305 1201 1354 et
1217 1302 1337 1372 recepta

238 1394 317 1466 dote,
332 1415 431 1456 rursus
445 1414 511 1454 eam
526 1395 711 1455 elocantibus
724 1393 863 1453 iratribus
877 1390 1044 1449 Menexeno
1052 1398 1083 1448 et
1091 1387 1336 1467 Bathyllo-uam

239 1483 397 1546 Periander
422 1505 494 1564 puer
518 1485 616 1546 adhue
638 1494 772 1547 erat-et
792 1483 933 1543 talentum
953 1477 1139 1552 addentibus,
1154 1480 1255 1560 nupsit
1269 1497 1336 1539 meo
1356 1539 1363 1550 ,

157 1615 163 1624 ·
238 1578 324 1656 patri.
365 1577 489 1660 Egoque
513 1588 599 1639 natus
623 1579 665 1638 eis
685 1597 763 1648 sum,
778 1583 810 1638 et
824 1574 898 1635 alius
912 1573 1002 1634 frater
1025 1594 1070 1633 me
1090 1571 1190 1652 junior
1201 1573 1252 1652 qui
1265 1591 1338 1652 puer

239 1671 320 1732 obiit.
357 1674 398 1734 Ut
414 1682 644 1734 autemeoonstet
662 1691 709 1732 me
728 1672 793 1731 haee
810 1690 876 1730 rere
896 1669 1004 1740 dicere,
1018 1667 1143 1745 primum
1162 1678 1253 1726 testes
1272 1683 1340 1745 pro·

167 1795 174 1806 ·
241 1762 356 1824 ducam.

709 1971 873 2030 TESTES.

243 2111 370 2170 Matrem
383 2111 471 2189 igitur
485 2131 579 2172 meam
592 2121 676 2192 pater
690 2130 775 2176 meus
790 2111 830 2171 ita
848 2112 965 2172 ductam
978 2129 1098 2170 uxorem
1118 2107 1196 2170 dorni
1209 2125 1273 2167 aaa
1286 2107 1341 2168 ha-

242 2203 315 2273 buit,
334 2221 440 2282 meque
464 2213 494 2262 et
517 2204 623 2262 erudiit
644 2215 676 2262 et
697 2204 809 2276 dilexit,
831 2203 1081 2282 quemadmodum
1102 2211 1133 2260 et
1158 2219 1211 2260 ros
1237 2218 1341 2258 omnes

244 2305 355 2354 vestros
370 2293 476 2354 liberos
486 2294 634 2373 diligitis:
654 2313 722 2354 cum
737 2303 829 2354 matre
842 2306 941 2355 autem
962 2295 1083 2354 istorum
1097 2293 1250 2372 Plangone
1267 2311 1342 2352 con·

243 2385 427 2445 suetudinem
451 2385 563 2458 habuit,
577 2403 753 2462 quocunque
773 2385 998 2464 modo-neque
1015 2385 1093 2446 enim
1114 2384 1172 2444 hoc
1195 2383 1341 2463 explicare

243 2495 339 2538 meum
349 2487 446 2550 est-,
456 2486 658 2555 nequetamen
671 2493 706 2534 eo
716 2493 810 2552 usque
820 2477 974 2554 cupiditati
988 2477 1154 2548 subcubuit,
1164 2485 1283 2542 uteam,
1292 2473 1346 2534 vel

244 2576 358 2624 mortua
377 2576 481 2638 matre,
495 2565 525 2624 in
539 2563 618 2623 aedes
643 2563 681 2623 ad
704 2583 735 2622 se
751 2566 877 2643 recipere
891 2566 1027 2643 dignatus
1046 2567 1143 2640 fuerit,
1157 2575 1209 2626 aut
1222 2565 1342 2628 credere

242 2657 367 2717 voluerit
388 2658 462 2716 istos
486 2675 522 2716 ex
546 2673 579 2715 se
600 2673 665 2716 esse
689 2667 784 2715 natos.
826 2655 954 2736 Reliquo
975 2657 1064 2736 igitur
1082 2669 1214 2736 tempore
1234 2654 1282 2716 isti
1301 2657 1344 2716 ita

243 2749 379 2818 virebant
400 2760 435 2810 ut
450 2751 501 2830 qui
513 2750 604 2828 patris
618 2749 676 2810 mei
688 2767 750 2808 uon
763 2760 873 2824 essent,
893 2761 928 2810 ut
949 2761 981 2810 et
1000 2761 1129 2811 restrum
1144 2743 1274 2829 plerique
1288 2767 1343 2807 no»

245 2829 331 2902 runt:
353 2853 545 2924 posteaquam
559 2851 658 2902 autam
671 2839 727 2900 iste
743 2839 921 2914 adoleverat,
936 2841 1083 2902 officinam
1101 2840 1344 2901 calumniatorum

246 2934 299 2995 sibi
314 2933 447 3007 adscivit,
459 2955 583 3016 quorum
597 2935 658 2993 dux
668 2943 732 2994 erat
742 2932 902 2992 Mnesicles
911 2943 943 2990 et
952 2933 1104 2993 Menecles
1113 2930 1222 3011 illequi
1232 2931 1345 2991 Ninum

246 3045 326 3086 ream
339 3027 461 3107 peregit,
475 3027 593 3104 illisque
602 3024 735 3103 patronis
749 3023 826 3102 patri
838 3041 905 3083 meo
915 3023 992 3083 diem
1001 3024 1085 3097 dixit,
1095 3025 1161 3103 ejus
1175 3043 1241 3084 esse
1251 3023 1344 3084 filium

245 3135 277 3177 ae
290 3137 436 3178 asserens.
478 3117 555 3176 Cum
570 3125 667 3184 autern
681 3114 726 3172 his
741 3113 780 3172 de
792 3115 880 3174 rebus
895 3133 974 3194 saepe
986 3116 1208 3187 conveniretur,
1221 3123 1253 3174 et
1261 3125 1345 3194 pater

245 3209 301 3268 sibi
314 3209 397 3266 nulla
408 3207 518 3267 ratione
533 3223 705 3284 persuasum
718 3205 755 3263 iri
767 3204 879 3266 diceret
895 3207 969 3269 istos
982 3225 1020 3266 ex
1033 3226 1067 3267 se
1086 3227 1153 3267 esse
1165 3216 1263 3276 natos,
1278 3217 1345 3276 tan,-

246 3299 315 3357 dem
327 3297 727 3377 Plango,Judices,-omnis
736 3297 814 3356 enim
827 3297 906 3376 apud
918 3319 971 3358 vos
986 3299 1099 3358 dicetur
1108 3301 1267 3372 veritas-7
1278 3318 1345 3358 eum

249 3387 388 3448 Meneole
401 3398 511 3468 patrem
526 3407 625 3448 meum
638 3407 676 3448 ex
688 3387 799 3447 insidiis
810 3406 961 3468 aggressa,
972 3390 1171 3468 jurejurando,
1186 3390 1262 3468 quod
1283 3409 1346 3458 ma·

247 3483 359 3541 simum
382 3490 413 3562 et
430 3480 644 3540 sanctissimum
664 3479 742 3559 apud
760 3499 861 3539 omnes
879 3481 1013 3552 habetur,
1028 3482 1157 3561 decepit,
1168 3481 1347 3561 pollicitase

248 3573 368 3652 triginta
390 3571 475 3632 minis
499 3573 640 3651 acceptis,
655 3571 730 3632 filios
749 3571 888 3645 frutribus
907 3572 968 3631 suis
990 3573 1175 3652 adoptandos
1189 3573 1347 3644 daturamr

249 3661 364 3743 quodsi
378 3683 396 3724 a
408 3675 492 3744 patre
505 3664 543 3723 ad
558 3666 696 3724 arbitrum
710 3673 863 3724 vocaretur
881 3674 916 3723 ut
924 3665 1046 3744 juraret,
1061 3665 1136 3725 filios
1149 3685 1187 3724 ex
1201 3666 1348 3745 ipsoasse

250 3767 345 3828 natos,
373 3776 406 3816 se
425 3775 491 3816 earu
514 3755 707 3818 conditionem
724 3775 784 3815 non
804 3766 1008 3835 accepturam:
1029 3757 1075 3816 his
1099 3758 1177 3817 enim
1197 3757 1359 3829 ita-factis,-

26 3889 33 3900 -
161 3908 164 3916 ,
251 3867 348 3928 neque
361 3848 433 3909 istos
453 3848 570 3909 civitate
584 3849 753 3929 privandos,
768 3867 864 3929 neque
877 3850 954 3929 patri
967 3865 1055 3928 porro
1067 3851 1214 3911 molestos
1220 3850 1347 3921 futuros,

183 3979 214 3995 ..
246 3941 475 4020 jurejurandoa
497 3949 588 4000 matre
607 3941 737 4020 ipsorum
758 3961 819 4002 non
840 3954 972 4022 recepto.
1013 3942 1070 4003 His
1091 3943 1349 4020 concessis,··quid

251 4032 335 4091 robis
360 4031 452 4098 multa
475 4033 592 4094 dicam?
626 4035 668 4093 Ut
685 4033 764 4094 enim
783 4035 823 4094 ad
843 4035 983 4094 arbitrum
997 4036 1086 4110 venit,
1101 4035 1351 4115 neglectispactia

249 4124 388 4184 omnibus
401 4127 526 4207 Plango,
536 4139 566 4192 et
578 4126 776 4198 conditionem
791 4128 899 4208 accipit
907 4129 982 4187 etin
997 4128 1154 4208 Delphinio
1167 4130 1249 4208 jurat
1268 4128 1350 4188 aliud

245 4214 454 4296 jusjurandum
468 4221 554 4300 priori
572 4220 762 4293 conuarium,
775 4230 809 4279 ut
821 4229 852 4279 et
865 4231 993 4280 vestrum
1007 4221 1137 4300 plerique
1150 4230 1275 4281 norunt:
1301 4239 1350 4280 res

248 4309 329 4368 enim
351 4309 498 4378 celebrata
517 4323 571 4373 est.
613 4309 667 4380 Sic,
679 4321 764 4392 pater
782 4331 869 4372 meus
881 4323 1002 4393 propter
1015 4331 1099 4372 suam
1112 4313 1351 4394 provocationem

253 4399 403 4504 arbitrium
415 4413 510 4463 ratum
524 4405 629 4466 habere
642 4414 774 4479 coaetus,
784 4403 993 4486 indignabatur
1006 4416 1038 4467 et
1055 4424 1117 4466 resa
1131 4408 1258 4486 graviter
1275 4407 1349 4468 iere·
