2967 5017
468 327 877 391 commotionem.
1133 328 1192 385 tal

518 606 794 667 TESTIMONIA.-

134 757 174 819 b.
196 760 249 818 Me
262 760 350 839 igitur
361 779 420 821 nou
434 760 627 821 mediocribus
642 769 673 819 et
692 761 802 821 letibus
820 761 915 840 plagis
932 758 1071 837 acceptis,
1086 756 1192 816 sedin

101 858 275 911 extremum
290 850 443 912 discrimen
462 852 621 913 adductum
641 867 694 929 per
716 851 836 912 istorum
858 850 1106 911 contumeliamet
1125 866 1194 927 pro·

101 943 277 1014 territamur,
291 945 433 1004 actionem
456 945 548 1005 multo
567 963 654 1023 quam
669 943 860 1004 conveniebat
872 942 1029 1005 instituisse
1046 940 1192 1010 leviorem,

100 1034 289 1113 perspicuum
300 1037 381 1097 vobis
395 1037 517 1099 arbitror
530 1056 595 1097 esse
609 1038 737 1097 lactum:
758 1046 884 1097 vestrum
896 1046 993 1095 autem
1002 1034 1096 1093 mirari
1106 1052 1193 1112 quos-

100 1124 330 1202 dam-existimo,
344 1130 415 1207 quid
428 1130 546 1189 tandem
560 1128 633 1189 illud
647 1129 685 1189 sit
698 1128 778 1207 quod
794 1130 896 1188 Conon
908 1130 947 1189 ad
960 1128 1023 1186 bac
1043 1125 1142 1186 dicere
1155 1125 1195 1183 sit

102 1234 237 1279 usurus.
278 1220 312 1279 ln
331 1221 431 1299 primis
445 1222 533 1299 igitur
551 1221 646 1280 dicam
666 1221 749 1281 vobis
763 1240 808 1291 ea,-
819 1241 873 1301 per
885 1240 950 1299 quae
963 1238 1030 1279 eum
1045 1219 1143 1286 audio,
1160 1233 1192 1277 re

101 1328 120 1369 a
131 1312 310 1372 contumelia
323 1323 353 1371 et
365 1314 398 1372 iis
411 1332 478 1391 qnae
491 1314 570 1372 sacta
583 1322 651 1373 sunt
663 1312 801 1385 abducta,
810 1331 929 1392 operam
938 1314 1072 1371 daturum
1088 1320 1120 1369 ut
1128 1328 1193 1370 eam

99 1398 129 1459 in
138 1402 241 1479 jocum
255 1404 416 1482 ludumque
434 1414 593 1475 convertat,
608 1415 638 1464 et
656 1406 763 1465 multos
784 1425 849 1465 esse
866 1407 897 1465 in
917 1406 988 1464 urbe
1003 1404 1192 1463 bonestorum

100 1492 228 1555 uirorum
247 1496 332 1569 tilios,
354 1496 404 1575 qui
425 1496 539 1557 ludibrii
558 1516 657 1567 causa,
679 1507 718 1556 ut·
733 1497 865 1557 homines
884 1496 1098 1565 adolescentes,
1112 1490 1193 1552 saria

101 1583 156 1645 sibi
171 1598 273 1655 mutuo
286 1588 460 1665 cognomina
473 1589 603 1659 fecerint,
618 1590 725 1667 quique
740 1590 814 1649 alios
826 1586 944 1669 priapos
957 1589 1031 1648 alios
1039 1586 1192 1647 helluones

98 1688 221 1749 vocent,
237 1697 359 1755 quorum
373 1679 504 1739 nonnulli
518 1680 714 1740 meretriculas
733 1681 886 1749 adamant;
908 1700 945 1739 ex
958 1697 1057 1739 eorum
1073 1696 1193 1735 numero

96 1787 188 1827 suum
201 1786 314 1847 quoque
328 1768 418 1829 lilium
432 1790 508 1841 esse,
519 1781 550 1829 et
563 1790 639 1848 sape
660 1772 697 1831 ob
721 1782 850 1831 scortum
867 1781 899 1831 et
915 1770 1031 1830 dedisse
1053 1778 1084 1829 et
1107 1787 1191 1828 acce-

97 1862 181 1939 pisse
196 1860 312 1939 plagam
334 1871 364 1921 et
384 1862 447 1921 haec
472 1882 536 1923 esse
556 1863 793 1923 adolescentum:
814 1882 868 1923 nos
881 1882 949 1923 vero
964 1863 1074 1922 -fratres
1091 1879 1192 1921 omnes

101 1962 163 2013 tum
180 1954 309 2013 ebriosos
325 1965 355 2013 et
367 1966 524 2035 protervos,
539 1966 600 2015 tum
612 1975 742 2017 morosos
756 1966 788 2015 et
799 1958 919 2015 acerbos
931 1973 995 2015 essa
1009 1954 1162 2014 dicturum.
1186 1991 1190 2001 ·

139 2048 170 2107 6.
194 2046 258 2125 Ego
281 2067 357 2119 vero,
375 2048 505 2121 ludices,
523 2068 590 2109 cum
612 2059 734 2128 accepta
749 2049 826 2109 mala
845 2048 972 2128 graviter
984 2047 1086 2117 seram,
1100 2044 1191 2105 nihilo

99 2138 229 2217 aequiore
242 2140 338 2199 animo
351 2152 465 2219 paterer
484 2160 589 2221 neque,
604 2142 628 2201 si
642 2141 737 2201 dicere
752 2141 850 2215 liceat,
863 2142 974 2201 minore
988 2160 1035 2201 me
1052 2138 1191 2199 affectum

101 2250 171 2291 esse
182 2232 360 2293 contumelia
372 2243 514 2312 putarem,
523 2235 548 2293 si
558 2233 663 2293 Conon
674 2234 731 2293 ista
741 2254 807 2294 vere
815 2235 845 2317 in
856 2254 911 2295 nos
924 2233 1023 2293 dicere
1033 2231 1189 2301 rideretur,

100 2339 194 2403 eaque
211 2334 309 2383 vestra
329 2324 491 2403 ignorantia
511 2334 598 2399 esset,
613 2336 647 2385 ut
660 2344 896 2404 unumquemque
910 2322 1128 2402 calamensis,
1140 2334 1191 2381 aut

101 2411 169 2490 ipse*
183 2415 390 2495 praedicatione
412 2437 466 2477 sua
484 2426 536 2477 aut
557 2418 678 2477 aliorum
699 2417 898 2479 criminatione
918 2417 1190 2496 perhiberetur,ex·

101 2501 282 2566 istimaretis:
315 2526 409 2583 neque
432 2505 494 2563 ulla
514 2508 653 2567 modestis
677 2509 841 2569 bominibus
870 2508 1047 2586 quotidianae
1065 2508 1132 2567 vite
1160 2517 1191 2567 et

103 2595 264 2656 studiorum
279 2608 357 2657 esset
371 2597 492 2655 utilitas.
533 2597 638 2673 Neque
658 2601 733 2659 enim
749 2611 850 2659 nostra
861 2600 908 2659 vel
922 2602 1044 2659 ebrietas
1058 2598 1104 2657 vel
1124 2618 1190 2677 pro-

64 2714 69 2725 ’
102 2688 220 2749 tacitas
233 2690 271 2747 ab
283 2687 343 2745 ullo
355 2688 518 2747 mortalium
532 2698 579 2746 est
591 2702 769 2765 conspecta:
790 2708 885 2766 neque
898 2710 953 2748 nos
967 2709 1080 2749 morose
1095 2690 1190 2751 lacere

103 2791 251 2855 putemne,
261 2780 286 2838 si
296 2779 389 2839 factas
400 2778 483 2839 nobis
497 2778 613 2857 injurias
622 2784 688 2853 jure
701 2778 803 2837 ulcisci
817 2780 995 2839 studeamus.
1022 2779 1191 2857 Priaporum

104 2881 198 2932 autem
211 2880 242 2931 et
254 2872 423 2932 helluonum
441 2870 617 2948 cognomina
636 2870 719 2929 istius
733 2870 800 2927 filiis
818 2889 877 2928 nou
899 2871 1079 2929 invidemus:
1102 2883 1191 2949 atque

104 2978 155 3039 ago
169 2964 242 3023 deos
255 2983 368 3042 precor,
383 2973 416 3022 ut
426 2962 456 3021 in
470 2962 598 3023 Cononis
613 2962 687 3021 filios
696 2961 810 3020 ethaeb
824 2972 854 3019 et
866 2961 952 3040 hujus
966 2961 1079 3039 generis
1094 2962 1191 3023 omnia

105 3064 259 3116 vertantur.
300 3056 355 3115 Isti
373 3056 448 3115 enirn
463 3064 531 3115 sunt
544 3056 593 3135 qui
614 3075 645 3114 se
660 3054 766 3134 Priapo
779 3054 902 3125 initient,
915 3063 945 3113 et
962 3073 998 3113 ea
1009 3063 1108 3133 agant,
1122 3074 1189 3132 quae

104 3161 138 3204 ne
151 3148 208 3207 dici
222 3148 340 3226 quidem
354 3148 416 3207 sine
429 3167 536 3227 magno
547 3146 657 3228 pudore
672 3156 793 3226 queunt,
808 3156 921 3207 tantum
941 3148 1023 3207 abest
1036 3157 1069 3205 ut
1081 3148 1118 3206 ab
1137 3146 1188 3221 ho-

108 3238 180 3297 mine
191 3240 326 3299 modesto
339 3239 400 3298 fieri
415 3240 550 3300 debeant.

143 3332 170 3389 7.
193 3330 254 3391 Sed
268 3331 338 3411 quid
356 3332 414 3391 ista
432 3332 470 3391 ad
490 3330 558 3391 mel
580 3332 645 3411 Ego
660 3352 727 3392 vero
749 3331 883 3403 mirabor,
898 3333 922 3390 si
944 3333 1005 3390 nlla
1026 3352 1118 3398 causa
1138 3344 1190 3394 aut

109 3425 255 3485 excusatio
270 3422 337 3483 talis
351 3422 522 3497 invenietur,
536 3434 569 3483 ut
583 3423 685 3503 aliquis
700 3432 729 3483 et
744 3424 828 3484 sactae
842 3424 1031 3483 >contumelia
1048 3436 1079 3495 et
1090 3426 1188 3513 pulsa-

107 3510 187 3574 tionis
203 3516 354 3575 convictus
367 3537 425 3575 non
440 3516 491 3576 det
504 3537 615 3597 poenas.
658 3516 751 3595 Leges
768 3516 844 3575 eninr
865 3516 954 3595 longe
970 3526 1081 3589 contra,
1091 3520 1188 3577 nevel

108 3611 274 3669 necessariae
299 3630 397 3671 causoe
417 3610 514 3689 plures
534 3610 704 3681 inciderent,
724 3610 921 3688 providerunt,
940 3609 1189 3674 velutirnecesse

107 3698 180 3757 enim
192 3700 287 3763 habeo
309 3703 420 3763 ethaeo
438 3722 566 3782 quaerere
586 3712 616 3762 et
635 3701 882 3761 sciscitari—sunt
901 3700 1025 3761 convicii
1046 3702 1187 3760 actiones:

107 3799 155 3849 eas
166 3792 251 3873 igitur
261 3796 323 3855 dari
337 3808 490 3876 propterca
499 3794 610 3865 dicunt,
620 3805 653 3854 ut
667 3814 706 3854 ne
720 3794 855 3854 conviciis
868 3795 1005 3853 incensus
1016 3791 1090 3851 alius
1101 3791 1189 3849 alium

111 3882 252 3945 verberare
275 3887 416 3947 instituat.
459 3886 572 3946 Rursus
595 3884 770 3965 pulsationis
789 3885 919 3945 actiones
934 3893 1020 3943 sunt:
1041 3901 1091 3941 eas
1104 3882 1189 3941 etiam

109 3973 188 4035 sudio
208 3988 363 4057 propterea
387 3979 458 4051 dari,
484 3998 520 4037 ne
544 3977 707 4055 quisquam,
727 3976 752 4035 si
775 3976 814 4035 sit
831 3974 1009 4046 imbecillior,
1022 3972 1119 4052 lapide
1140 3983 1191 4033 aut

79 4124 96 4159 ο
111 4060 188 4125 simili
202 4066 299 4147 aliquo
313 4069 373 4131 telo
387 4089 418 4129 se
431 4068 581 4138 defendat,
597 4068 648 4127 sed
661 4066 817 4127 vindictam
826 4067 925 4146 legum
935 4074 1094 4145 exspectet.
1117 4064 1192 4124 Sunt

112 4160 138 4209 et
149 4159 273 4219 vulneris
287 4161 427 4231 actiones,
441 4180 477 4219 ne
497 4160 604 4240 quibus
618 4159 775 4219 vulneratis
789 4158 885 4219 cades
898 4159 979 4216 fiant.
1009 4156 1190 4231 Convicium,

112 4250 183 4319 quod
203 4252 354 4313 minimum
374 4264 429 4324 est,
444 4264 511 4313 ante
525 4264 701 4332 postremum
715 4262 746 4311 et
759 4250 969 4309 atrocissimum
988 4268 1024 4308 ca
1045 4247 1082 4307 de
1102 4269 1192 4309 causa

111 4341 248 4408 provisam
271 4355 317 4404 est
338 4344 501 4423 opinor,ne
519 4343 616 4403 coedcs
638 4344 729 4413 fieret,
749 4360 826 4400 neve
840 4339 990 4420 paullatim
1011 4360 1029 4399 a
1054 4340 1190 4401 conviciis

111 4424 145 4483 ad
157 4437 283 4508 verbera,
306 4456 324 4495 a
347 4435 513 4497 verberibus
537 4436 574 4497 ad
591 4436 759 4507 :vulneras
778 4433 942 4493 vulneribus
961 4433 1000 4495 ad
1014 4432 1111 4509 caedes
1124 4451 1191 4509 pro·,

639 4535 657 4583 4
675 4547 691 4583 z
