2967 5017
583 350 802 416 EPISTOLAE.
1174 351 1233 412 845

145 516 227 570 sture
249 507 352 588 ignoto
377 507 466 570 elisei
485 527 552 570 esse
573 519 676 570 notum
702 527 789 588 quern
813 505 1021 588 rempublicam
1049 524 1086 566 er
1111 503 1240 566 utilitete

131 598 250 681 populi
262 601 483 662 administrem
499 599 588 673 Nem,
601 601 683 676 ntis,
693 602 745 682 qui
759 601 865 662 suadet
876 599 986 679 sliquid
999 606 1051 658 eut
1063 597 1236 676 magistratu

145 692 291 771 fungitur,
314 694 431 772 placent
450 693 594 764 omnibus,
607 693 670 754 fleri
688 713 747 754 non
761 702 875 774 potest:
896 704 1005 761 tamen,
1025 690 1116 766 siquis
1135 687 1236 768 populi

136 786 235 844 rebus
249 786 396 844 exanimo
408 786 571 846 consultum
584 786 675 865 cupit,
689 787 796 865 dignus
809 785 912 862 estqui
926 793 1125 844 conservetur.
1147 781 1240 850 Quod

144 875 205 936 nisi
217 877 278 946 fiet,
292 877 434 938 docebitis
446 897 560 950 omnes,
578 878 652 938 elios
674 880 770 958 potius
792 896 858 936 esse
871 876 1022 947 colendos,
1042 893 1126 953 quern
1142 893 1236 954 popu·

145 967 221 1040 lum,
234 977 265 1028 et
284 969 446 1030 cavendum
469 990 535 1030 esse
556 971 660 1049 nequis
681 969 791 1048 aliquid
809 968 878 1028 urile
892 969 973 1028 vobis
994 968 1119 1045 gessisse
1131 965 1238 1044 intelli·

144 1071 244 1139 gsmr.
297 1061 425 1123 Omnino
448 1074 545 1123 eutem
569 1083 722 1124 commune
746 1064 882 1142 probrum
906 1073 961 1133 est,
982 1061 1184 1132 Athenienses,
1206 1070 1238 1120 et

141 1153 239 1214 totius
250 1155 377 1216 civitotis
389 1156 550 1226 calamites,
562 1156 641 1233 quod
664 1155 773 1215 invidie
785 1156 850 1234 plus
873 1156 970 1214 velere
983 1153 1061 1232 opud
1083 1171 1135 1212 vos
1148 1171 1237 1230 quem

144 1245 265 1324 ςηιὶωτ
273 1255 410 1326 putetur:
430 1266 499 1306 cnm
512 1246 672 1325 presertim
690 1246 741 1306 ille
757 1247 874 1306 morbus
888 1245 935 1316 sit,
948 1244 996 1302 hm
1009 1245 1038 1304 in
1051 1243 1170 1304 deorum
1183 1264 1239 1304 nu·

144 1356 262 1397 merum
274 1337 447 1398 referentur.
488 1341 534 1397 At
554 1358 610 1398 nee
631 1337 773 1418 Pythoum
795 1337 1011 1416 pretermittam
1028 1337 1078 1415 qui
1100 1355 1151 1414 pro
1167 1355 1238 1414 eug·

148 1441 237 1510 gesto
249 1430 394 1492 dunum
410 1429 562 1509 populeris
575 1439 633 1504 est,
646 1439 750 1510 postes
762 1448 831 1490 reto
853 1441 973 1510 paratus
996 1427 1034 1488 ed
1057 1424 1153 1487 omnio
1171 1447 1238 1505 quse

145 1523 233 1584 robis
253 1523 454 1583 edversentur.
496 1523 601 1596 Quem,
623 1523 694 1584 dum
707 1532 820 1584 vestros
840 1522 870 1581 in
893 1519 1021 1600 gerendo
1042 1519 1190 1599 republica
1207 1527 1240 1584 ¹et

149 1614 342 1682 concionibus
350 1612 496 1674 habendis
507 1627 607 1694 portes
618 1617 764 1688 turbetur,
775 1615 841 1692 quis
856 1615 949 1674 nescit
963 1625 996 1672 ut
1008 1630 1122 1672 serrum
1136 1609 1240 1689 egituri

149 1703 405 1782 etperegrinitetis
426 1706 558 1766 mousmi
577 1705 696 1765 solitum
716 1704 864 1784 propeque
882 1702 1089 1766 voenundstum
1111 1704 1147 1762 ub
1166 1702 1240 1776 istis,

151 1796 258 1875 quibus
278 1814 356 1855 nunc
375 1795 533 1856 inserviens
557 1796 704 1874 erutiones
725 1796 792 1857 illes
809 1806 912 1858 contre
931 1815 978 1856 me
991 1793 1124 1874 scripsit?
1154 1794 1240 1854 Post·

148 1906 239 1966 quem
260 1898 359 1948 eutem
380 1887 445 1966 ipse
465 1907 544 1947 nunc
563 1907 601 1948 ee
620 1888 702 1960 iecit,
715 1899 834 1968 propter
848 1908 915 1968 quse
932 1899 994 1948 tum
1016 1887 1089 1948 ulios
1108 1887 1240 1948 crimine·
1336 1925 1338 1928 -

148 1980 248 2053 betur,
260 1981 302 2040 ite
314 1999 379 2040 erse
400 1980 587 2060 locupletem,
607 1991 642 2041 ut
662 1990 694 2041 et
716 1980 791 2042 duas
810 1981 1010 2042 meretriculas
1030 1979 1101 2052 slot,
1120 1999 1187 2060 quer
1201 1979 1241 2040 ed

148 2074 249 2132 tebsm
269 2092 335 2132 eum
348 2091 453 2151 usque,
465 2074 583 2153 optimos
605 2093 676 2134 sens
697 2074 843 2146 mulieres,
857 2075 1049 2154 redegerunt;
1071 2082 1102 2134 et
1113 2073 1242 2152 quinque

149 2164 263 2226 tulente
277 2165 397 2224 mulctoe
413 2165 530 2226 nomine
542 2165 657 2226 lucilius
677 2186 757 2226 nuno
777 2167 904 2240 solverit,
918 2185 1005 2244 quum
1027 2165 1096 2226 olim
1120 2165 1241 2226 totidem

150 2257 306 2318 drechmes
329 2259 440 2318 soluere
466 2259 622 2338 potuisset,
641 2270 673 2321 et
697 2269 803 2340 proter
830 2259 893 2320 hmo
919 2259 1042 2320 euobis
1069 2275 1128 2318 non
1154 2258 1242 2318 modo

149 2349 312 2410 admissum
331 2351 371 2410 ed
383 2351 582 2428 gubernaculo
600 2353 736 2425 civitatis,
760 2352 840 2432 qnod
858 2371 1011 2413 commune
1037 2352 1173 2430 probrum
1196 2360 1244 2411 est

150 2442 298 2514 omnihus,
311 2443 365 2502 sed
389 2453 419 2504 et
438 2445 531 2522 petrin
544 2465 630 2504 encre
643 2435 773 2525 Delphis'
786 2465 839 2525 pro
852 2445 935 2506 vobis
949 2444 1076 2506 fecisset
1111 2443 1199 2512 Quod
1218 2445 1244 2504 si

147 2535 223 2596 tolie
242 2551 273 2594 et
293 2543 378 2595 tento
394 2536 529 2614 exemplo
544 2537 669 2598 viderint
685 2557 797 2610 omnes,
816 2537 855 2598 de
874 2539 979 2618 quibus
999 2557 1086 2598 nemo
1105 2547 1150 2596 est
1171 2537 1243 2617 quin

147 2627 252 2708 populi
271 2627 400 2706 deligere
411 2639 443 2686 et
457 2630 531 2689 tueri
545 2641 641 2708 portes
654 2629 850 2710 perniciosum
871 2650 936 2690 esee
952 2629 1074 2710 judicet,
1091 2645 1192 2688 vereor
1205 2647 1243 2688 ne

148 2720 309 2798 aliquando
328 2719 401 2780 nulli
416 2721 505 2781 futuri
522 2721 582 2781 sint
603 2723 652 2800 qui
675 2711 795 2783 elusam
815 2731 941 2784 uestram
964 2729 1109 2793 tueantur,
1122 2719 1148 2780 si
1167 2739 1243 2798 prm-

143 2813 251 2873 ssrtim
265 2811 337 2872 elios
349 2822 462 2872 neturus
475 2812 604 2872 debitum
618 2824 648 2873 et
661 2813 779 2874 fortuna
792 2824 824 2874 et
844 2823 915 2873 ntes
929 2809 1087 2882 sustulerit,
1106 2819 1140 2870 ut
1161 2810 1242 2872 Neu·

148 2904 263 2976 siolem,
277 2913 311 2962 nt
323 2904 489 2976 Charetem,
503 2914 536 2964 ut
556 2904 726 2978 Diotimum,
744 2916 778 2966 ut
792 2905 1006 2976 Menestheum,
1026 2913 1061 2962 ut
1077 2901 1242 2976 Eudoxum,

146 3007 349 3078 praetereoque
363 2997 527 3057 Eudemum
549 3006 580 3058 et
600 2997 766 3077 Ephialtem
788 3008 818 3058 et
833 2998 1010 3078 Lycurgum,
1023 2994 1095 3055 elios
1108 2995 1164 3073 ipsi
1177 3013 1244 3074 pro·

142 3089 287 3166 jeceritis,
299 3101 334 3149 ut
355 3089 563 3150 Charidemum
585 3102 615 3150 et
637 3090 798 3150 Philoclem
812 3101 843 3150 et
855 3109 912 3160 me,
926 3089 1031 3167 quibus
1048 3106 1102 3148 ros
1120 3106 1177 3146 neo
1189 3087 1245 3165 ipsi

149 3181 230 3242 ullos
242 3182 331 3243 vestri
345 3200 413 3241 esse
433 3182 621 3244 studiosiores
644 3182 778 3262 putetis:
797 3183 904 3242 sivero
923 3181 1065 3259 quosdam
1085 3199 1168 3259 reque
1184 3189 1245 3238 stn-

149 3275 261 3345 diosos,
278 3294 338 3334 non
350 3274 476 3335 invideo.
518 3276 631 3336 Vellem
655 3285 763 3349 sutem,
778 3276 803 3335 si
822 3294 873 3336 vos
893 3276 932 3336 ite
952 3285 985 3335 ut
998 3293 1115 3353 sequurn
1131 3284 1181 3335 est
1194 3293 1245 3334 eos

148 3367 326 3440 moabitis,
340 3381 436 3446 neque
457 3368 499 3428 ite
522 3381 632 3446 utnos
651 3369 727 3428 mele
750 3368 939 3441 mulotebitis,
961 3387 1012 3429 eos
1037 3387 1103 3430 esse
1124 3368 1246 3448 posthoc

150 3460 390 3540 quamplurimos.
432 3460 484 3520 Sin
496 3461 574 3533 telis,
589 3461 687 3540 quelie
698 3479 789 3532 nunc,
803 3459 937 3541 exemplo
946 3461 1104 3533 edideritis,
1113 3461 1179 3538 quis
1189 3469 1247 3533 est,

149 3554 249 3632 quise
264 3563 327 3614 toto
340 3554 481 3614 animuin
495 3554 582 3614 istum
600 3553 732 3614 ordinem
747 3554 817 3614 dure
829 3553 920 3615 veliti
952 3553 1011 3621 Qui
1024 3553 1142 3633 quidem
1156 3553 1245 3612 simu·

150 3645 224 3718 lent,
237 3645 439 3719 uthsctenus,
456 3645 499 3705 sic
520 3645 608 3705 etism
628 3645 780 3725 deinceps,
793 3663 852 3706 non
875 3645 1006 3704 deerunt.
1047 3643 1136 3704 Absit
1148 3653 1246 3704 eutem

149 3745 300 3796 uteorum
311 3737 400 3796 enimi
422 3737 464 3796 sic
484 3737 582 3816 palem
599 3738 828 3816 conspicientur,
843 3747 876 3796 ut
895 3736 1027 3806 istorum,
1041 3735 1091 3814 qui
1103 3755 1170 3813 quse
1183 3746 1246 3796 tum

148 3829 259 3909 pulum
272 3829 484 3901 inliciebantur,
500 3849 537 3890 ee
556 3849 635 3889 nunc
656 3831 698 3889 ite
720 3839 822 3910 egunt,
835 3841 868 3889 ut
888 3829 1032 3889 neminem
1052 3836 1181 3888 restrum
1200 3827 1247 3888 rel

150 3931 285 3982 metuent
306 3922 353 3982 rel
378 3931 572 3984 revereantur.
623 3923 699 3982 llaeo
721 3920 990 4000 igitur‘oogitende
1018 3929 1098 3993 sunt,
1123 3919 1248 3982 Atheni-

151 4033 248 4087 enses,
272 4031 368 4092 neque
392 4014 439 4073 vel
464 4013 599 4074 benevoli
626 4013 806 4094 negligendi,
829 4012 876 4074 vel
900 4012 934 4074 iis
961 4014 1011 4092 qui
1037 4012 1184 4073 civitstem
1207 4013 1246 4074 ed

150 4106 343 4168 scorbitetem
378 4106 575 4186 soevitiemque
608 4106 765 4186 impellunt
801 4106 1037 4167 auscultandum.
1092 4103 1170 4164 Nem
1198 4104 1247 4166 bic

150 4217 249 4258 rernm
272 4207 366 4258 stetus
387 4198 480 4258 multo
499 4199 593 4277 megis
612 4198 844 4260 Mnevolentiem
863 4209 893 4258 et
910 4197 1120 4256 humanitatem
1134 4197 1248 4276 flagitet

152 4291 402 4370 qssm·tumultus
429 4302 459 4351 et
484 4291 657 4364 simultstes,
670 4311 744 4369 ques
764 4290 883 4370 quidum
909 4289 940 4350 in
960 4290 1132 4350 immensum
1157 4309 1248 4369 exeg-

151 4393 272 4463 gersus
285 4393 462 4464 usurpantes
476 4395 580 4447 contre
599 4403 652 4444 ros
670 4403 789 4464 opernm
808 4381 911 4444 locent
930 4383 968 4446 ed
988 4403 1025 4444 es
1043 4382 1160 4463 negotis
1176 4401 1248 4444 con-
