2967 5017
234 301 293 358 556
402 336 406 342 -
543 297 676 357 ·Puo
700 289 963 358 Pnounssonn

275 439 322 498 1⁷.
338 439 437 518 Atque
448 439 522 498 adeo
535 439 623 499 miror
635 439 686 518 qui
700 439 752 501 liat
763 441 799 497 ut
809 455 870 498 non
879 427 978 498 tecam
990 445 1119 517 reputer,
1132 435 1329 496 emerete-

233 539 325 590 ttrato
339 529 390 608 qni
407 538 489 588 tunm
505 529 573 590 olim
592 541 703 611 patrem
717 529 850 608 poaoedit
864 527 956 589 lilium
974 527 1023 588 hic
1036 527 1254 607 Antimachum,
1267 528 1331 589 alio

231 621 349 706 somnne
362 640 449 700 quam
464 622 526 700 ejus
540 623 667 701 dignitas
682 621 858 702 postulabat,
872 622 923 698 qui
935 621 988 681 tibi
1001 641 1061 681 non
1074 623 1153 682 diem
1167 620 1249 690 dicit,
1269 636 1327 681 ne·

233 732 290 790 que
309 713 461 790 indignum
474 733 541 774 ease
558 715 697 785 clamitat,
712 723 740 775 te
758 712 982 783 multitatem,
996 722 1027 772 et
1047 711 1134 771 allam
1154 713 1325 782 redemirre,

233 803 319 862 aliam
333 803 450 865 dedisse
464 807 652 875 meretricem,
667 821 759 882 eaque
779 813 808 862 te
831 803 927 879 iacere
946 821 1013 862 cnm
1026 821 1147 862 uxorem
1158 801 1280 874 habear,
1294 813 1327 863 et

233 905 292 954 trer
313 915 419 975 pueros
434 899 627 975 pedissequos
642 895 869 969 circumducere,
886 895 983 974 itaque
1003 895 1153 955 luxuriose
1170 894 1276 966 rivere,
1292 905 1329 955 nt

233 985 320 1044 etiam
333 987 410 1045 obvii
425 988 532 1066 quique
548 987 689 1046 sentiant:
704 1005 736 1046 ae
751 1003 819 1046 vero
833 986 930 1065 iprum
943 1005 1053 1064 magun
1067 995 1201 1065 egestate
1220 987 1327 1064 premi,

210 1094 291 1153 .qua
304 1095 342 1135 ne
355 1077 561 1138 Phormionem
574 1078 694 1158 quidem
712 1078 806 1157 premi
829 1077 917 1138 ridet.
959 1077 1058 1149 Quod,
1076 1077 1102 1137 ei
1119 1095 1156 1136 ea
1175 1075 1214 1136 de
1234 1095 1326 1137 cama
1418 1067 1430 1083 '

232 1167 285 1226 tibi
297 1168 384 1247 hujus
398 1189 459 1228 rem
471 1169 644 1230 familiarem
657 1169 810 1242 vendicat,
824 1169 903 1249 quod
923 1189 960 1229 ea
977 1169 1021 1228 tui
1040 1168 1129 1248 patrie
1146 1167 1216 1228 olim
1228 1158 1328 1241 luerit,

233 1258 314 1317 irtnd
335 1259 418 1320 illurn
439 1263 533 1340 magio
554 1282 643 1341 qnam
665 1273 694 1322 te
718 1262 861 1322 decuerit:
882 1280 952 1321 uam
969 1271 1037 1321 turra
1060 1271 1145 1340 pater
1165 1260 1242 1320 illiue
1260 1262 1328 1321 inita

215 1350 405 1414 .Proinde'et
421 1364 453 1414 tn
471 1368 501 1415 et
519 1355 567 1416 lric
588 1355 665 1416 illiua
685 1354 764 1414 eritis
785 1356 841 1414 iata
860 1355 978 1434 quidem
991 1354 1114 1414 ratione.
1154 1353 1201 1411 Tu
1213 1369 1282 1414 vero
1295 1352 1327 1412 in

233 1461 299 1502 eam
311 1445 416 1506 incidis
435 1449 603 1519 amentiam,
623 1459 657 1508 nt
676 1465 713 1507 ea
733 1446 853 1507 dicandi
872 1448 1076 1506 nocearitatem
1096 1447 1161 1524 ipre
1173 1445 1259 1504 nobie
1271 1445 1328 1504 inu-

233 1553 339 1615 ponaa,
351 1557 419 1616 qum
430 1539 480 1618 qui
501 1538 632 1599 dicerent
650 1557 704 1618 pro
723 1537 857 1598 hoatihun
875 1537 1002 1596 habendi
1018 1547 1117 1606 eraut;
1132 1555 1188 1596 neo
1200 1537 1327 1616 teipsum

233 1625 376 1687 duntaxat
393 1629 571 1690 contumelia
590 1629 680 1690 afficis
695 1629 748 1690 red
771 1638 802 1688 et
820 1639 957 1710 parentes
978 1627 1147 1700 defunctos,
1166 1636 1198 1686 et
1216 1625 1328 1686 civitati

233 1717 375 1788 inruitaer
398 1731 438 1790 et,
451 1740 517 1798 qma
533 1720 639 1782 horum
664 1720 843 1781 humanitate
865 1719 940 1799 patri
962 1729 1014 1779 tuo
1038 1718 1196 1779 liberaliter
1218 1717 1330 1777 tributa

235 1817 305 1869 aunt
318 1819 348 1869 et
365 1821 469 1889 postea
482 1810 660 1884 Phormioni,
671 1831 716 1882 oa,
727 1831 795 1872 curn
813 1810 945 1870 ornanda
956 1823 987 1868 et
999 1810 1112 1869 eolicite
1133 1808 1331 1869 custodienda

232 1913 345 1972 carent,
361 1913 393 1960 ut
414 1913 446 1961 et
466 1903 512 1960 his
526 1905 576 1978 qni
589 1903 732 1974 dederunt
753 1910 786 1958 et
806 1899 889 1958 vobio
902 1900 952 1976 qui
965 1897 1120 1975 accepistin
1134 1916 1223 1974 quam
1235 1899 1330 1960 none·
1402 1950 1409 1958 .

234 1991 360 2050 atimima
370 1992 547 2062 viderentur,
557 1991 586 2049 in
600 1989 729 2048 medium
742 1987 865 2068 profero,
879 1987 1022 2064 exagitas,
1031 1995 1146 2045 tantum
1160 2005 1220 2046 non
1229 1998 1330 2048 orten-

235 2087 279 2138 tm
293 2090 323 2138 et
336 2082 506 2158 exprobras,
520 2079 637 2158 qualem
651 2088 679 2138 te
693 2078 840 2138 hominem
853 2078 976 2138 fecerint
988 2074 1207 2138 Athenieneem.
1224 2078 1331 2138 laam

234 2187 299 2229 eam
312 2170 456 2252 inueniam
470 2170 664 2251 venis-quid
678 2171 756 2232 enim
769 2171 862 2230 dicant
878 2168 1052 2230 alludi-ut
1063 2188 1124 2230 non
1138 2169 1260 2241 nentina,
1272 2191 1329 2232 noa

234 2281 325 2335 nnnc,
337 2262 407 2322 dnm
420 2264 653 2343 postulamusmt
662 2281 700 2322 ne
710 2262 808 2324 fraudi
818 2262 986 2323 Phormioni
996 2261 1046 2334 rit,
1055 2272 1213 2341 poatquam
1223 2283 1327 2324 manu·

234 2353 342 2414 miaeue
354 2367 410 2427 eat,
425 2357 450 2415 si
468 2354 587 2434 quando
601 2355 689 2435 patria
704 2355 747 2416 tui
760 2354 825 2422 init.
838 2363 919 2414 tuam
937 2372 1058 2415 caueam
1076 2373 1182 2433 agere:
1205 2364 1236 2414 te
1248 2375 1328 2428 vero,

234 2445 305 2505 dnm
320 2465 388 2508 eum
400 2465 550 2526 nunqnam
568 2448 677 2528 aequm
694 2459 791 2509 tecum
808 2447 928 2526 paterio,
940 2445 1127 2524 temetipsum
1140 2453 1343 2525 oppugnarei

237 2536 384 2616 Quioqnid
397 2538 474 2597 enim
482 2537 560 2617 juria
577 2539 607 2598 in
625 2539 704 2599 hunc
722 2538 775 2599 tibi
795 2535 951 2608 statueris,
964 2535 1039 2596 illud
1062 2537 1159 2616 iprum
1176 2547 1279 2598 oontra
1296 2547 1328 2596 te
1408 2610 1414 2626 .

235 2637 343 2706 proeato
356 2627 390 2688 iis
403 2628 458 2688 erit
470 2631 521 2707 qni
542 2642 653 2708 petrem
671 2641 755 2686 tunm
768 2629 849 2688 initio
861 2626 1069 2706 porredemnt
1109 2627 1198 2696 Quod
1211 2638 1244 2686 nt
1254 2646 1328 2686 oon·

236 2727 294 2780 etet
306 2718 388 2777 illurn
406 2720 494 2777 etiam
515 2721 606 2778 luisse
625 2717 818 2796 quorundam,
834 2736 871 2774 ao
883 2717 991 2776 deinde
1004 2718 1212 2776 manumissum
1224 2717 1330 2778 eodem

236 2808 324 2868 modo
337 2827 396 2887 quo
409 2809 458 2868 bio
471 2808 594 2881 avobir,
608 2827 682 2888 cape
694 2807 760 2868 haec
777 2805 956 2878 teatimonia,
971 2815 1006 2866 ut
1021 2817 1161 2884 appareat
1170 2807 1328 2870 Parionem

235 2901 325 2962 iniere
339 2900 524 2962 Archertrati.

650 3067 914 3128 TESTIMONIA.

280 3199 326 3256 18.
342 3197 426 3256 ltane
437 3214 505 3255 enm
518 3195 568 3274 qui
580 3197 618 3256 ab
629 3195 711 3257 initio
725 3207 853 3257 vestram
867 3195 1095 3276 negotiationem
1103 3193 1287 3255 oonrervarit
1297 3203 1330 3255 et

236 3286 338 3346 multia
348 3287 377 3345 in
392 3289 477 3346 rebus
491 3287 574 3347 iatine
589 3289 663 3366 patri
679 3307 711 3348 ae
727 3289 827 3348 utilem
841 3289 975 3369 praebuit,
988 3296 1019 3348 et
1031 3295 1077 3346 tot
1088 3287 1118 3345 in
1130 3287 1218 3345 iatum
1229 3285 1328 3364 ipaurn

235 3378 379 3440 beneficia
393 3379 515 3440 contulit
536 3392 680 3458 quotuor
704 3380 865 3453 andiriatia,
888 3400 955 3450 eum
976 3381 1105 3459 inquam,
1117 3388 1202 3438 tanta
1218 3377 1329 3441 mulcta

235 3469 416 3542 damnatum,
431 3471 631 3549 perinjurium
645 3489 710 3531 eane
730 3480 817 3550 purat
835 3471 1107 3532 exterminandum!
1129 3469 1234 3547 Neque
1246 3469 1328 3528 enlm
1416 3532 1422 3548 ι

236 3560 390 3640 quicquam
403 3560 484 3621 aliud
497 3563 593 3622 lacere
603 3563 710 3642 poeria.
753 3557 830 3622 Nam
849 3559 874 3622 ai
892 3565 971 3622 bona
983 3563 1047 3621 lroeo
1060 3570 1146 3621 acuta
1159 3560 1328 3631 intueberier

234 3651 364 3713 invenies
378 3669 501 3730 qnorum
520 3653 589 3724 rint,
612 3651 667 3711 uiri
687 3651 728 3724 hi,
751 3655 831 3729 qnod
851 3654 937 3724 abrit,
950 3653 1067 3732 decepti
1080 3653 1195 3712 luerint.
1213 3652 1329 3718 ‚Video

235 3743 445 3804 Archilochum
458 3742 623 3804 Charidemi
644 3742 698 3802 1³22
727 3743 806 3802 Olim
827 3744 931 3803 hahuit
954 3762 1076 3822 agrum:
1099 3743 1226 3802 eundem
1247 3761 1328 3803 nunc

234 3835 318 3895 multi
331 3835 449 3908 hahent,
460 3834 631 3912 poaaederat
639 3835 714 3895 enim
725 3851 792 3893 enm
803 3833 896 3893 multo
906 3835 1065 3895 obstrictus
1076 3853 1135 3894 aere
1145 3834 1258 3895 alieno.-
1270 3835 1325 3893 So·

235 3927 380 3987 einomum
392 3928 472 3997 item,
482 3925 693 4000 'limodemum,
707 3935 738 3985 et
751 3925 876 3985 caeteros
888 3924 1072 3986 menoariori
1092 3925 1162 3998 Qui,
1174 3943 1242 3984 oum
1253 3923 1326 3984 naor
1446 3967 1452 3972 .

235 4014 401 4076 laciendum
413 4027 494 4077 emet
507 4015 709 4088 creditoribus,
728 4017 814 4076 bonit
836 4017 971 4077 omnibus
991 4027 1153 4077 ceraemnt
1195 4016 1241 4074 Τιι
1256 4033 1325 4074 vero

234 4107 306 4166 nihil
320 4109 438 4168 omnino
451 4108 696 4169 considerandum
708 4117 807 4185 putas,
826 4115 861 4167 ut
883 4118 964 4185 pater
984 4119 1064 4180 tuna,
1076 4107 1120 4166 vir
1138 4119 1168 4166 te
1188 4105 1281 4194 multo
1294 4115 1325 4164 et
1381 4147 1384 4151 «

234 4198 337 4257 melior
358 4208 389 4257 et
409 4200 591 4277 prudentior,
605 4199 691 4259 rebus
712 4199 845 4258 omnibus
865 4197 1031 4257 consultum
1047 4197 1172 4276 putarit:
1192 4197 1253 4273 qui,
1271 4213 1325 4272 pru

234 4289 323 4350 deum
346 4301 434 4368 atque
456 4291 728 4360 hominumddern,
750 4298 834 4349 tanto
855 4297 885 4348 te
908 4287 1138 4368 prestantiorem
1158 4286 1347 4351 berroeam·

230 4379 375 4461 judicavit
393 4391 424 4440 et
443 4382 587 4463 utiliorem
608 4393 670 4443 tum
692 4381 745 4442 tibi
766 4389 829 4450 tum
849 4378 904 4439 ribi
924 4388 986 4440 tunt
1005 4379 1130 4458 negotiu
1143 4376 1258 4449 ventrio,
1280 4385 1325 4448 ut,
