2967 5017
219 310 279 369 552
584 307 667 368 etto
690 305 959 368 PHOBMIONB.

219 461 409 542 nequeenim
427 479 460 540 ss
474 461 712 524 odumniatoram
733 462 831 542 egisse
843 463 985 542 prolecto,
994 472 1048 523 ant
1058 481 1096 523 es
1107 464 1321 544 pomulssssls

215 553 342 635 judicio,
351 573 419 633 qum
434 573 494 615 non
508 555 695 628 deberentur,
712 555 848 616 latarum.
947 566 951 589 ¹

258 649 289 707 t.
304 649 483 726 Quanquam
504 655 605 708 autam
618 663 729 726 magns
742 657 774 708 et
790 647 885 708 multa
893 644 1010 730 jnrlicia
1023 655 1094 706 snut
1106 663 1126 706 e
1138 647 1246 725 quibos
1268 665 1323 730 sp-

218 749 322 818 nsrset
342 739 546 801 Phormionem
568 739 649 800 omni
668 757 775 800 vsosre
791 739 890 820 culpo,
902 739 978 800 illuri
995 750 1095 799 temen
1112 740 1244 799 omnium
1256 759 1322 802 esse

219 830 390 904 maximum,
403 831 537 905 arbitror,
558 831 765 911 Athenienses,
779 831 860 911 quorl
881 831 1014 892 Pesicles
1038 829 1215 910 Apollodori
1232 832 1323 896 trater

219 943 289 984 eum
303 945 401 1007 neque
420 927 451 986 in
467 927 517 1006 jus
537 927 662 999 vocavit,
678 943 775 1005 neque
795 925 955 1006 quicquam
972 924 1053 986 allud
1065 943 1102 1000 ex
1119 925 1168 1003 iis,
1182 944 1249 1006 qum
1266 927 1324 988 iste

220 1016 332 1096 objicit,
345 1019 484 1096 queritur.
524 1016 599 1086 Quis
608 1028 708 1078 eutem
721 1015 836 1093 credat,
851 1035 920 1077 eum
929 1035 990 1077 uon
1005 1016 1111 1078 iecisse
1122 1017 1256 1096 injurient
1269 1017 1324 1091 illi,

220 1101 271 1187 qui
292 1125 364 1189 puer
385 1130 403 1170 s
422 1121 505 1190 petre
521 1121 601 1176 esset
617 1110 745 1183 relictus,
764 1119 797 1174 et
816 1110 903 1192 cujus
921 1109 1079 1172 facultates
1108 1109 1140 1169 in
1162 1127 1218 1170 sus
1232 1121 1322 1172 monn

221 1197 343 1260 heberet
363 1209 443 1261 tutor
471 1200 641 1262 institutus:
663 1203 715 1263 tibi
736 1211 835 1263 sutem
855 1202 909 1281 qni
929 1201 974 1262 rir
994 1202 1113 1263 relictus
1130 1221 1175 1273 aa,
1196 1211 1324 1280 quatuor

222 1301 253 1350 et
265 1290 368 1368 viginti
381 1301 465 1352 natus
480 1311 583 1366 annos,
596 1302 636 1364 et,
655 1293 679 1352 si
699 1279 759 1372 qua
771 1293 824 1354 tihi
838 1293 919 1354 tacta
931 1293 1036 1356 humet
1048 1292 1163 1373 injuria,
1176 1293 1263 1354 facile
1276 1293 1323 1352 ul-

222 1390 288 1441 turo
301 1381 410 1457 stetim,
422 1383 549 1446 iecisse?
575 1383 645 1448 Non
654 1403 724 1446 vers
736 1395 809 1446 suut
820 1384 897 1448 hssc.
938 1385 982 1444 Ut
991 1385 1081 1466 igitur
1092 1383 1158 1445 hec
1170 1405 1238 1446 vere
1252 1384 1323 1455 dici,

224 1491 260 1533 ec
272 1472 343 1534 nihil
360 1475 441 1555 queri
453 1475 600 1537 Periclem
613 1485 743 1548 constet,
756 1493 830 1554 cape
844 1474 923 1536 illius
936 1475 1147 1536 testimonium.

615 1728 924 1794 Tssruuottluu.

263 1871 293 1928 8.
315 1869 391 1938 Qum
408 1869 497 1950 igitur
510 1871 539 1930 in
555 1872 694 1950 neganda
707 1873 824 1931 actione
838 1871 921 1931 vohis
934 1867 1150 1931 consideranda
1163 1865 1323 1939 mathsee

224 1961 262 2020 de
272 1955 310 2020 ¹iis
323 1981 388 2042 quae
402 1961 527 2021 diximus
539 1961 569 2022 in
586 1961 756 2020 memoriam
770 1968 916 2020 revocate.
947 1959 1024 2029 Nos,
1040 1957 1247 2030 Athenienses,
1265 1977 1323 2038 pu-

224 2053 292 2111 ratis
306 2048 466 2109 rationibus
479 2058 685 2128 transactaque
698 2047 845 2114 locatione
863 2069 974 2110 menses
988 2058 1018 2109 et
1031 2045 1166 2119 officinm,
1174 2056 1265 2127 atque
1276 2048 1322 2110 in-

222 2141 362 2222 terposito
376 2139 494 2202 arbitrio
509 2151 539 2201 et
552 2160 583 2200 re
596 2142 695 2200 denuo
708 2149 867 2216 transacta,
877 2161 933 2202 nec
946 2137 1183 2221 permittentibus
1195 2138 1323 2220 legibus,

222 2251 322 2296 serum
335 2251 430 2292 rerum
442 2251 516 2314 ques
526 2232 617 2294 semel
630 2233 818 2312 transegeris,
823 2232 967 2310 judicium
979 2231 1111 2312 adipisci,
1124 2229 1323 2293 calumniante

221 2328 280 2386 isto
300 2334 332 2388 et
350 2333 452 2386 contra
470 2324 552 2404 leges
575 2323 655 2384 litem
679 2323 860 2399 intendente,
880 2323 1113 2406 prescripsimus
1132 2343 1210 2384 non
1231 2325 1322 2385 ‹lan-

131 2491 133 2498 y
224 2417 306 2477 dam
332 2418 368 2477 ei
391 2436 481 2478 csse
509 2417 717 2477 actionem.
758 2415 902 2498 Utigitur
915 2417 1026 2490 scietis,
1040 2416 1190 2498 quatiere
1204 2428 1323 2478 senten-

220 2509 292 2570 tiern
304 2508 391 2568 laturi
405 2507 479 2584 sitis,
493 2519 524 2569 et
535 2509 583 2568 lex
596 2508 661 2569 hoec
676 2508 759 2570 robis
773 2509 898 2591 legetur,
908 2519 943 2589 et
955 2527 1057 2570 eorum
1070 2507 1177 2570 deinde
1189 2510 1322 2570 testimo-

224 2601 274 2660 nis
290 2599 341 2680 qui
356 2597 512 2674 affuerunt,
525 2620 592 2660 cum
615 2598 768 2666 locationis
782 2611 814 2662 et
834 2609 1011 2662 caeterorum
1028 2599 1180 2662 criminum
1192 2603 1323 2662 omnium

223 2691 429 2866 {hermionem
454 2693 654 2778 Apollodorus
677 2695 854 2791 absolveret.
897 2695 979 2775 Cape
1003 2695 1173 2756 testimonia
1194 2693 1270 2768 hoec,
1291 2705 1323 2756 et

237 2803 331 2866 egem.

571 2977 841 3037 TESTIMONIA.
882 2977 971 3040 Lux,

223 3121 342 3182 Auditis
354 3121 469 3181 adicere
484 3121 591 3200 legem,
602 3119 807 3193 Athenienses,
819 3130 884 3180 tum
896 3131 1013 3194 camna,
1026 3141 1152 3201 quorum
1165 3123 1244 3184 actio
1261 3143 1323 3187 nen

221 3212 319 3284 detur,
332 3221 395 3272 tum
417 3229 520 3272 sorum
542 3229 609 3290 quos
636 3211 702 3290 quis
725 3211 872 3273 remiserit
888 3223 942 3274 aot
962 3215 1158 3293 transegerit?
1194 3215 1323 3276 Merito:

224 3319 293 3362 nam
306 3301 332 3362 si
340 3302 459 3394 justu·
466 3312 523 3374 est,
534 3302 641 3382 quibus
664 3302 703 3363 de
721 3304 809 3365 rebus
826 3305 918 3366 semel
933 3305 1078 3386 judicium
1098 3306 1210 3368 iactum
1224 3309 1323 3384 luerit,

222 3411 276 3454 ess
295 3413 355 3454 non
368 3394 456 3456 licere
469 3395 568 3480 leuno
581 3413 718 3461 revocure
736 3398 766 3457 in
781 3398 843 3477 jus,
860 3397 953 3458 multo
963 3400 1073 3474 justins
1086 3409 1133 3460 ert
1144 3401 1242 3462 dehis
1256 3422 1323 3482 qn·

167 3481 177 3503 '
214 3486 326 3547 decise
346 3495 416 3547 sunt
428 3505 487 3546 non
501 3488 572 3548 dare
584 3489 742 3551 actionem.
785 3489 874 3559 Quod
887 3491 938 3570 qui
950 3491 1032 3572 apud
1043 3511 1096 3554 ros
1108 3493 1266 3555 succubuit
1277 3496 1324 3554 rli·

223 3599 290 3642 eere
313 3582 437 3644 tortasse
456 3591 555 3661 queat,
569 3601 622 3642 ros
643 3583 737 3649 fuisse
759 3582 920 3664 deceptos:
938 3584 990 3665 qui
1010 3603 1126 3648 serore
1146 3586 1210 3667 lpse
1222 3588 1322 3668 pelam

225 3674 509 3756 condensarum
528 3675 650 3740 missum
671 3676 753 3749 iecit.
767 3677 818 3756 qui
833 3675 988 3758 transegit,
1001 3676 1140 3757 quisnam
1162 3679 1201 3738 da
1218 3692 1325 3740 semet-

224 3770 290 3849 ipso
303 3770 386 3850 queri
404 3778 456 3829 aut
475 3787 566 3848 quam
584 3787 705 3831 censam
723 3767 827 3849 afferre
847 3771 953 3849 possit,
965 3787 1019 3830 cur
1038 3769 1106 3850 jure
1122 3769 1222 3832 denno
1234 3791 1323 3852 exps-

224 3861 339 3923 risttul
372 3859 491 3922 Nullam
514 3859 658 3920 nimirum.
700 3862 900 3931 Quunobrem
923 3862 999 3942 legis
1020 3861 1108 3942 hujus
1130 3867 1244 3937 arctor,
1263 3883 1323 3944 qua

224 3953 360 4015 definitur
384 3973 505 4034 quarum
524 3972 620 4014 rerum
648 3953 772 4034 experiri
791 3973 850 4016 non
873 3954 971 4028 liceat,
990 3955 1086 4035 prima
1107 3955 1175 4016 hsec
1188 3957 1323 4038 ,scripsit
1344 3993 1348 3999 ·

226 4065 307 4125 quoe
331 4047 420 4124 quis
446 4046 602 4110 remisit
624 4058 693 4106 aut
717 4048 932 4129 transegit.
973 4048 1189 4129 Qursuusque
1206 4052 1244 4112 ab
1264 4049 1322 4112 isto
1442 4041 1450 4052 ’

225 4137 308 4232 iacta
324 4147 404 4211 sunt,
419 4157 486 4199 nam
505 4150 536 4201 et
553 4138 665 4198 remisit
680 4149 711 4198 st
730 4140 887 4218 transegit.
930 4141 981 4201 Me
1004 4151 1103 4202 sutem
1126 4161 1195 4203 vera
1216 4140 1325 4217 (licere,

225 4228 399 4290 testimoniis
412 4234 565 4310 probatum
579 4242 634 4304 est,
648 4231 853 4292 Athenienses.

241 4353 245 4359 ·
267 4324 297 4381 9.
319 4321 399 4401 Cape
415 4331 444 4382 et
457 4323 552 4404 legem
568 4324 605 4384 de
620 4323 765 4404 prefinito
777 4333 919 4404 tempore.
