2967 5017
484 367 528 429 IN
550 367 807 430 maenarum
827 369 870 429 11.
1159 368 1219 428 663

524 549 838 657 ¹rrrssrrroruusr.

167 713 293 762 't'estrrtor
308 725 333 760 se
345 709 449 769 adarim
459 725 512 760 orus
526 719 662 773 proroorrer
676 711 834 776 Apollodorus
845 711 1009 761 Pher-niuea
1025 711 1055 760 ed
1068 708 1221 774 nuatione·

132 788 163 836 de
172 787 264 836 motti·
273 787 409 844 masuram,
420 788 440 834 si
456 794 551 850 negaret
568 789 679 838 Phormio
693 804 719 837 ee
732 788 800 850 prins
816 787 887 836 etiam
899 794 997 836 manera
1010 791 1061 850 ejus
1079 786 1220 850 corrupisse,

132 879 201 926 quara
211 862 322 914 Pbormio
333 873 421 912 ureret
442 879 468 913 re
487 879 536 913 eam
548 866 685 930 desponsam
696 865 931 933 ePasioueduisse.
960 863 1223 928 Hsoeutenbdpoi·

131 941 214 990 todoro
223 942 386 1004 provocatione
395 941 463 999 from,
473 941 546 990 notuit
555 943 664 991 Phormio
675 941 769 991 ancilias
782 943 838 990 dere
848 942 873 990 in
885 942 1041 1004 questionem.

131 1054 368 1136 damiegemhis
383 1057 517 1118 derebus
538 1056 626 1117 latam
646 1057 748 1138 legito,
760 1077 828 1138 qum
849 1057 892 1118 sic
911 1057 1014 1118 habet:
1036 1053 1224 1136 disceptatio·

130 1165 202 1206 nem
221 1147 280 1208 fieri
302 1155 436 1227 oportere
457 1147 495 1209 de
514 1147 619 1228 puellis
640 1149 759 1230 pupillis
778 1150 921 1223 omnibus,
936 1158 996 1211 tam
1009 1147 1120 1210 civibus
1134 1167 1223 1227 quam

130 1239 304 1318 peregrinis:
316 1259 351 1301 ac
362 1239 399 1326 dc
409 1240 520 1302 civibus
532 1241 675 1304 actionem
684 1243 756 1304 dare
765 1252 900 1324 oportere
907 1252 1062 1324 praetorem
1070 1251 1102 1304 et
1111 1261 1224 1316 curare,

130 1329 171 1406 de
190 1331 338 1412 inquilinb
360 1340 458 1392 antem
471 1332 664 1394 belliducem:
686 1354 722 1396 ac
741 1335 805 1398 sine
823 1333 1035 1418 disceptatione
1052 1354 1113 1398 non
1135 1333 1223 1398 licere

130 1423 178 1484 sel
191 1423 522 1502 haeremnremhonere,
534 1425 581 1488 vei
597 1426 749 1508 pupillam.
870 1458 872 1461 ·

632 1607 721 1668 LEX.

127 1769 133 1776 .
164 1731 265 1782 sordue
274 1713 351 1783 entem
360 1734 402 1782 dat
412 1735 445 1798 de
456 1733 630 1782 hereditatibus
640 1742 663 1782 et
674 1733 781 1796 pupillis,
791 1734 890 1797 singulis
902 1733 1029 1792 amno,
1038 1739 1139 1798 erupto
1147 1732 1224 1792 litio,

128 1825 162 1858 ee
174 1823 232 1858 sero
243 1810 273 1858 de
281 1825 328 1875 qur
335 1811 475 1874 disceptatio
484 1813 545 1860 trote
555 1825 600 1859 non
611 1817 649 1859 ert
659 1810 782 1860 hareditas
798 1826 828 1859 ne
839 1818 954 1861 teneatur.

125 1922 260 1984 Proinde
271 1923 376 2003 ipsum,
387 1925 412 1986 si
425 1925 478 1986 rite
492 1943 578 2004 agere
590 1925 741 1996 voluisset,
753 1943 840 2004 agere
853 1923 884 1985 in
897 1923 1034 2005 pupitinm
1044 1923 1153 1999 decuit,
1163 1927 1225 1986 eise

125 2037 168 2078 ex
184 2024 358 2078 testamento
371 2016 442 2078 idei
454 2017 655 2092 conveniebat,
668 2017 729 2079 sive
742 2019 853 2077 ratione
865 2016 1101 2098 propinquitatier
1121 2018 1225 2078 sitan-

125 2127 219 2189 qaam
238 2127 291 2189 pro
305 2109 379 2182 cire,
394 2108 472 2189 apud
493 2119 656 2188 praetorem,
670 2109 696 2169 si
715 2118 749 2169 ut
761 2129 813 2194 pro
826 2109 988 2190 peregrina,
1002 2109 1082 2188 apud
1100 2108 1224 2170 bellidu-

126 2217 208 2261 cem:
231 2219 267 2262 ac
282 2212 354 2275 tum,
369 2200 481 2282 siquid
497 2203 573 2282 requi
591 2201 688 2264 dicere
705 2205 862 2285 potuisset,
874 2202 1123 2264 contentionibus
1140 2203 1224 2265 vobis

127 2291 183 2371 qni
203 2293 305 2354 sortito
326 2312 379 2374 pro
398 2292 535 2354 tribunali
556 2293 711 2370 sedebatis,
729 2295 901 2358 auctoritate
922 2293 1022 2375 legum
1041 2304 1073 2355 et
1087 2295 1224 2375 judicum

128 2385 274 2461 obtinere,
282 2393 314 2448 et
326 2403 386 2446 non
399 2385 494 2466 ipsum
504 2384 559 2447 sibi
570 2387 695 2466 privatas
707 2386 790 2468 leges
798 2395 976 2449 statuentem
989 2403 1075 2466 agere
1084 2385 1224 2467 quiequid

126 2475 274 2538 libuisset.

175 2571 221 2630 1³.
243 2568 435 2630 Considerate
454 2568 531 2630 hanc
554 2589 667 2650 quoque
687 2569 794 2650 legem,
817 2589 883 2650 quea
900 2569 987 2650 jubet
1005 2579 1222 2641 testamentum,

128 2661 212 2742 quod
225 2670 308 2742 pater
322 2661 527 2743 superstitibus
540 2663 686 2742 germanie
699 2661 797 2724 liberis
810 2661 921 2740 iecerit,
935 2662 960 2722 si
973 2661 1024 2723 dlii
1036 2673 1105 2725 ante
1118 2664 1222 2744 puber·

128 2763 222 2815 tatem
235 2752 424 2825 decesserint,
437 2761 533 2814 retum
551 2772 624 2815 ease.

637 2931 727 2994 LEX.

155 3067 276 3132 Qfltttuid
287 3073 354 3131 pstor
363 3067 472 3132 ingenuis
482 3067 538 3116 diiis
547 3066 711 3130 superstitibus
721 3067 860 3112 testamento
865 3059 972 3123 jusserit,
981 3059 1001 3108 ri
1011 3059 1112 3110 obierint
1121 3059 1163 3108 atti
1174 3059 1223 3124 pri·

127 3159 225 3206 mquam
234 3143 352 3192 biennium
362 3145 463 3207 puberes
474 3143 567 3201 inerint.
573 3147 734 3192 testamentum
743 3139 816 3204 petris
824 3147 898 3187 ratum
907 3150 966 3188 esto.

26 3321 28 3325 ,
128 3255 257 3318 Proinde
270 3256 340 3317 dnm
354 3257 396 3318 illi
410 3257 521 3329 vivunt,
536 3256 646 3318 irritum
663 3264 710 3316 est
727 3262 945 3326 testamentum,
960 3252 1040 3334 quod
1051 3261 1163 3334 patrem
1176 3252 1223 3313 isti

127 3349 281 3429 reliquisse
295 3348 412 3410 dicunt:
432 3359 464 3410 et
484 3358 588 3410 contra
606 3365 706 3407 omnes
724 3345 807 3424 leges
821 3345 988 3425 Stephanus
1002 3345 1079 3407 falso
1096 3354 1222 3406 testatus

129 3452 184 3515 est,
197 3441 230 3503 id
242 3440 408 3522 exemplum
421 3459 487 3502 esse
500 3439 666 3502 testamenti
679 3434 825 3498 Pusionis.
866 3437 955 3499 Unde
977 3437 1053 3498 enim
1073 3446 1107 3498 tu
1127 3437 1221 3498 nestit

131 3541 162 3594 et
173 3532 225 3594 ubi
237 3531 347 3594 affuisti
359 3535 436 3614 patri
448 3542 653 3596 testamentum
667 3529 808 3590 facienti?
838 3529 881 3588 Te
894 3529 1011 3608 quidem
1023 3543 1222 3611 corruptorem

130 3634 370 3688 testamentorum
385 3645 451 3688 esse
465 3634 596 3708 apparet,
608 3623 659 3704 qui
672 3631 703 3684 et
715 3619 792 3682 falsa
800 3621 905 3702 cupide
914 3621 1039 3694 testera,
1052 3629 1084 3680 et
1096 3639 1167 3680 vera
1177 3628 1222 3678 te·

130 3717 266 3780 stimonia
278 3717 437 3794 andaonis,
447 3727 477 3780 et
485 3717 631 3797 judicrbue
642 3717 786 3796 imponas,
799 3724 829 3775 et
842 3733 895 3795 per
907 3713 1150 3793 conspirationem
1162 3709 1221 3769 liti-

131 3809 267 3890 gantibus
277 3809 475 3891 adrtipnteris.
515 3809 615 3890 Leges
628 3820 726 3871 autem
738 3815 770 3869 et
781 3807 884 3868 harum
896 3825 992 3868 rerum
1006 3801 1222 3885 dantpublicas

131 3904 268 3967 uotiuum.
299 3903 485 3965 Recitamibi
500 3905 605 3984 legem.

634 4079 724 4140 LEX.

160 4211 186 4260 di
194 4209 248 4275 qais
258 4209 438 4274 conspiraverit,
448 4219 490 4261 ent
498 4213 589 4273 adjutor
595 4210 666 4262 inerit
673 4211 849 4273 corrumpendo
855 4207 963 4263 Eetion,
970 4212 1011 4256 ant
1020 4206 1115 4256 ulterius
1125 4205 1224 4270 alienius

129 4287 212 4352 Jedioii
229 4291 336 4346 Athenis,
347 4297 389 4337 eut
403 4295 519 4345 unctam,
529 4291 560 4339 ed
577 4289 728 4353 corruptelam
746 4286 846 4350 peounie
864 4285 914 4334 sire
930 4284 985 4332 deta
999 4283 1049 4332 sire
1068 4291 1227 4348 mepmut

133 4371 218 4415 oetam
224 4366 374 4430 ooopegarit
382 4366 413 4414 ed
424 4365 542 4429 popularis
552 4371 627 4415 status
635 4365 790 4424 eversionem,
799 4368 841 4412 eut
851 4360 1010 4412 advocationis
1018 4362 1120 4412 min
1127 4361 1225 4424 judicii·

132 4445 171 4494 rot
180 4445 279 4510 privatis
289 4445 327 4497 rei
338 4445 438 4512 publicis
448 4445 570 4510 paramum
580 4445 791 4510 receperimus·
799 4457 876 4493 reram
884 4439 946 4491 eodo
956 4444 1026 4492 detur
1035 4443 1097 4506 epod
1105 4441 1225 4493 aternu.
