2967 5017
380 288 388 309 s
466 334 619 401 ORATIO
641 334 869 397 suasoris.
1149 334 1210 397 799

109 487 287 551 usurenerit
299 496 332 549 ut
342 488 478 551 anninus
491 508 580 569 supra
592 488 710 551 modurn
723 490 852 570 placeas.
893 488 929 551 ld
942 486 1022 571 qued
1034 486 1150 569 Quum
1161 497 1212 549 est

109 588 179 639 tues
198 578 310 643 virtutis
335 579 594 643 evidentissimum.
637 580 754 643 Nemini
774 582 852 643 enim
869 599 909 643 aa
927 582 1051 661 negasti,
1068 578 1213 661 qurejnre

109 668 299 753 honesteque
318 672 407 733 tribui
421 684 561 752 possunt:
581 692 647 753 que
665 694 734 735 vero
753 694 821 735 cum
834 674 940 753 probro
953 673 1110 755 conjuncte
1131 682 1213 745 runt,

109 781 152 825 ea
177 782 232 825 nec
253 782 369 844 sperare
390 765 543 845 quisquam
564 764 595 826 in
614 766 744 827 animum
764 765 894 833 inducar
916 775 1028 829 mutam
1050 763 1161 828 virtutis
1181 772 1213 825 et

109 854 283 917 honestatis
304 856 505 936 appetentibus
529 866 715 937 potestatem,
734 856 952 937 impudentibus
970 857 1212 937 desperationem,
1267 846 1272 856 ’

109 946 206 1009 affert
219 958 271 1007 tua
284 946 435 1009 modestia.
476 948 631 1019 Praeterea,
646 968 712 1009 cum
736 947 768 1010 in
789 947 986 1031 adolescentia
1006 948 1136 1029 plerique
1149 968 1213 1011 mo·

109 1038 225 1102 desua
242 1040 357 1101 laudern
377 1041 571 1103 taciturnitate
584 1050 736 1120 venentur,
751 1051 784 1099 tu
799 1049 910 1101 tanturn
933 1040 1050 1121 ingenio
1063 1041 1166 1121 polles,
1180 1050 1214 1105 ut

109 1132 302 1193 sermonibus
323 1143 353 1194 et
367 1132 520 1212 colloquiis
535 1133 592 1193 tuis
617 1153 676 1193 non
689 1134 828 1195 minorem
843 1153 932 1213 quam
945 1133 1059 1195 ceteris
1076 1133 1213 1200 omnibns

109 1223 208 1283 relius
219 1223 297 1302 apud
311 1223 466 1285 familiares
480 1234 546 1285 tuos
560 1222 676 1283 leudem
692 1223 732 1284 sis
751 1234 921 1286 assecutus:
942 1233 1039 1285 tantus
1053 1232 1120 1285 tuus
1133 1223 1214 1305 lepos

110 1324 177 1388 est,
194 1325 277 1375 tanta
289 1316 428 1386 suavitas,
443 1326 506 1375 tum
526 1315 608 1377 seriis
621 1325 682 1377 tum
698 1316 807 1398 jocosis
820 1316 851 1379 in
865 1317 962 1377 rebus.
1002 1318 1079 1379 Cum
1093 1328 1125 1379 et
1143 1319 1213 1379 sim·

110 1406 187 1487 plen
201 1406 240 1467 sis
260 1409 371 1485 absque
389 1405 506 1482 delicto,
520 1416 550 1467 et
563 1418 666 1470 acutus
679 1411 793 1489 absque
805 1410 925 1483 malitia,
940 1420 971 1469 et
988 1410 1133 1471 humanas
1145 1430 1213 1473 cum

110 1500 311 1579 ingenuitate,
325 1518 360 1561 ac
373 1500 499 1580 denique
512 1500 589 1575 talis,
603 1502 696 1580 qualis
710 1503 803 1564 ferme
823 1501 900 1562 lilius
911 1500 1049 1582 Cupidini
1062 1520 1080 1563 e
1098 1499 1213 1563 Virtute

115 1602 307 1654 nasceretur.

160 1686 193 1743 6.
206 1684 254 1743 De
263 1682 433 1744 fortitudine
444 1696 649 1749 eutem-nam
657 1698 690 1747 et
699 1689 778 1749 banc
787 1689 935 1767 preterire
942 1706 1001 1747 non
1009 1686 1107 1759 decet,
1120 1703 1213 1766 quen·

109 1793 210 1854 quam
235 1783 287 1833 tua
315 1774 431 1851 quidem
456 1786 561 1837 natura
583 1778 692 1837 multas
713 1779 812 1838 adhuc
831 1777 1012 1839 accessiones
1038 1777 1149 1859 recipit,
1167 1797 1215 1839 se-

108 1885 273 1947 quensque
294 1876 408 1945 tempus
430 1866 589 1929 laudaturis
603 1887 741 1946 magnam
761 1868 876 1949 copiam
895 1868 1102 1949 suppeditabit,
1117 1880 1214 1933 tamen

110 1958 322 2039 pulcherrime
345 1967 414 2019 eunt
433 1960 489 2019 ista
508 1970 595 2031 aetate
619 1958 734 2033 laudes,
748 1980 809 2039 qua
825 1960 896 2019 nihil
915 1961 1082 2041 delinquere
1103 1963 1215 2023 ceteris

111 2060 162 2111 est
177 2050 381 2130 optabile—ac
402 2062 453 2111 rua
472 2050 589 2130 quidem
608 2052 749 2113 fortitudo
761 2072 829 2114 cum
841 2073 879 2113 ex
892 2052 957 2114 eliis
976 2054 1063 2115 rebus
1076 2054 1216 2120 celebrati

112 2143 223 2223 possit,
247 2153 309 2203 tum
331 2162 399 2204 vero
421 2154 540 2225 propter
558 2144 803 2218 exercitationem,
818 2145 902 2225 cujus
921 2145 969 2207 vel
991 2146 1106 2226 plurimi
1124 2157 1216 2209 testes

113 2235 304 2297 exstiterunt.
347 2236 493 2297 Fortassis
513 2246 611 2297 autem
631 2238 774 2317 inprimis
793 2237 952 2298 dicendum
973 2248 1030 2311 eet,
1045 2260 1132 2318 quarn
1146 2260 1216 2320 pru·

115 2328 224 2389 denter
238 2328 267 2389 id
287 2327 416 2389 studium
439 2328 553 2389 ceteris
575 2330 747 2409 proetulerie.
789 2330 867 2391 Nam
884 2330 1016 2411 prudens
1034 2332 1216 2411 agendarum

113 2441 215 2482 rerum
225 2421 357 2483 delectus
372 2423 401 2481 in
411 2421 606 2495 adolescente,
617 2442 772 2483 commune
781 2421 896 2501 signum
906 2432 953 2483 est
965 2434 997 2483 et
1010 2422 1098 2483 enimi
1110 2423 1214 2485 libera·

114 2514 152 2573 lis
168 2524 201 2575 et
215 2514 328 2575 cordati
339 2514 458 2594 ingenii.
501 2516 686 2596 Quapropter
696 2534 751 2575 nec
765 2516 849 2577 istius
862 2516 985 2577 instituti
998 2516 1062 2577 laus
1076 2528 1122 2578 est
1138 2539 1214 2600 prra-

115 2606 317 2667 termittenda.
358 2607 433 2667 Cum
448 2606 536 2685 igitur
549 2606 641 2667 scires
655 2627 673 2667 a
693 2608 811 2687 reliquis
829 2610 1035 2671 certaminibus
1048 2630 1102 2673 nec
1116 2630 1214 2674 servos

114 2718 174 2759 nec
199 2698 367 2777 peregrinos
390 2698 516 2771 excludi,
530 2699 606 2758 istud
621 2720 689 2761 vero
711 2701 782 2761 solis
806 2703 988 2782 propositum
1007 2722 1073 2763 esse
1092 2703 1214 2777 ciuibus,

114 2812 173 2853 nec
190 2790 247 2851 nisi
271 2793 308 2850 ab
326 2790 512 2871 optimatibus
529 2792 635 2869 expeti,
650 2793 693 2853 sic
716 2812 752 2853 eo
777 2807 806 2853 te
827 2794 983 2855 contulisti.
1027 2795 1076 2853 Arl
1092 2794 1167 2868 haec,
1188 2794 1215 2857 ei

116 2885 168 2963 qui
185 2882 330 2945 currendo
342 2903 374 2943 se
395 2884 529 2961 fatigent,
543 2903 644 2943 eorum
666 2905 719 2945 nec
741 2886 938 2947 fortitudinem
953 2904 1009 2946 nec
1027 2886 1114 2947 animi
1137 2908 1214 2967 prae·

116 2978 258 3037 stantiam
273 2976 382 3055 augeri,
394 2994 446 3037 eor
457 2996 525 3037 vero
535 2975 585 3055 qui
597 2977 729 3055 pugilatu
743 2989 796 3039 aut
807 2979 873 3039 aliis
886 2978 950 3059 ejus
964 2978 1077 3059 generis
1090 2979 1167 3041 ludia
1180 3000 1215 3048 ae

118 3079 290 3141 exerceant,
312 3078 418 3147 praeter
438 3068 516 3129 mala
538 3068 677 3147 eorporis,
695 3070 784 3131 etiam
809 3070 927 3151 ingenia
945 3091 1128 3153 corrumpere
1146 3091 1215 3133 cum

113 3162 277 3239 judicares,
292 3159 557 3240 splendidissimum
576 3161 858 3243 pulcherrimumque
880 3164 1099 3226 exercitationis
1119 3184 1215 3245 ganas

118 3266 239 3335 tumque
263 3261 374 3315 naturae
398 3250 579 3335 aptissimum
600 3254 727 3334 elegisti,
741 3255 822 3333 quod
840 3265 872 3315 et
890 3274 1035 3318 armorum
1056 3269 1214 3321 consuetu·

120 3343 198 3420 dine,
214 3354 244 3405 et
257 3365 396 3405 cursuum
410 3346 573 3419 tolerantia,
585 3344 656 3405 belli
677 3345 862 3407 simulacrum
882 3358 1089 3427 repraesentem
1109 3360 1141 3409 et
1152 3370 1214 3412 ma·

119 3437 301 3515 gnificentia,
315 3446 347 3497 et
366 3438 521 3517 splendore
535 3448 701 3517 apparatus,
715 3437 856 3517 potentie
873 3438 994 3499 deorum
1012 3440 1105 3503 simile
1117 3442 1215 3505 virlea·

120 3540 185 3591 tur:
209 3540 353 3611 praetcrea
367 3540 397 3591 et
411 3540 545 3610 spectatu
555 3530 816 3605 jucundisssimum
829 3530 878 3604 rit,
891 3542 922 3591 et
940 3552 957 3592 e
971 3532 1101 3613 plurimis
1114 3535 1214 3595 serila

119 3642 178 3700 que
202 3623 359 3703 generibus
378 3631 502 3695 constet,
529 3634 560 3683 et
584 3610 712 3701 ingentia
729 3625 858 3703 praemia
874 3625 983 3685 ‘merito
1009 3638 1215 3706 consequatur.

123 3714 232 3779 Praeter
246 3712 322 3777 enim
337 3735 374 3777 ea
385 3735 453 3796 quaa
466 3715 642 3788 tribuuntur,
656 3716 720 3795 ipre
737 3716 825 3776 etism
839 3716 1007 3777 exercitatio
1020 3727 1051 3778 et
1063 3729 1122 3778 tem
1138 3737 1214 3799 pree·

122 3806 233 3869 clarum
258 3807 387 3868 studium
410 3826 470 3868 non
498 3826 618 3888 parrum
644 3806 794 3886 premium
818 3806 930 3867 homini
957 3808 1006 3869 uel
1033 3808 1215 3871 mediocriter

122 3898 235 3961 uirtutis
249 3901 380 3962 studioso
392 3901 536 3961 rideatur.
577 3898 666 3968 Quod
680 3900 829 3961 Homerici
842 3900 978 3961 carminis
991 3902 1158 3963 testimonio
1168 3903 1215 3967 vel

122 3990 264 4072 inprimis
279 3995 494 4073 comprobetur,
508 3992 538 4053 in
552 4011 611 4071 quo
624 4002 655 4052 et
668 3990 791 4053 Grecos
804 4002 835 4053 et
848 3992 994 4075 Barbaros
1007 3994 1058 4054 tali
1073 4004 1216 4075 apparata

125 4085 249 4161 cessim
262 4085 372 4147 bellurn
391 4085 462 4147 iecit
480 4086 554 4145 inter
571 4104 654 4145 sese:
677 4094 818 4163 preterea
829 4084 917 4146 etiam
935 4086 1024 4147 bodie
1044 4086 1214 4157 Graecarum

125 4176 238 4237 urbium
249 4197 309 4238 non
324 4176 537 4259 abjectissimis,
547 4176 600 4239 sed
614 4176 797 4249 maxinmiu
810 4178 1015 4241 certaminibus
1028 4178 1072 4240 nti
1081 4199 1118 4241 eo
1130 4180 1215 4243 lami·

127 4263 198 4329 liare
213 4280 269 4331 est

164 4360 193 4421 7.
215 4361 384 4423 lnstitutnm
403 4363 490 4444 igitur
510 4363 666 4425 honestum
685 4382 771 4441 reque
790 4381 826 4424 ac
839 4364 980 4451 dilecbrnr
992 4365 1133 4427 universis
1152 4387 1215 4428 orn·

129 4448 208 4511 nibus
222 4464 276 4515 est.
304 4454 383 4523 Quia
395 4475 463 4517 sero
476 4457 603 4535 putabas
616 4454 687 4517 nihil
701 4454 841 4535 prodesse
854 4477 951 4519 rerum
960 4456 1215 4549 pulcherrimarum
