2967 5017
265 346 326 409 762
569 340 787 405 musaeus
808 341 1066 404 autument.

263 504 337 557 tene
355 496 489 559 inimicus
510 494 1169 571 essetnonmedoesmuonsecnsaritsed
1188 507 1228 554 ne
1248 491 1364 553 suffra-

265 588 346 669 gium
359 588 476 669 quidam
497 588 536 650 de
556 608 592 650 eo
610 590 690 661 tulit,
703 590 790 669 quasi
806 609 865 653 non
878 603 959 652 esset
970 588 1169 652 Atheniensis:
1210 586 1301 648 Unde
1324 585 1365 645 id

265 681 401 743 mutet?
425 682 513 751 Quod
527 682 662 743 omnibus
675 682 821 761 suffragiis
835 684 907 743 ciris
919 694 968 746 est
977 683 1106 744 habitus.
1146 680 1185 741 Et
1196 679 1269 758 quid
1281 696 1364 758 opus

262 784 311 835 est
327 774 365 834 de
381 774 512 853 putribus
528 773 647 835 diceret
668 775 746 835 Cum
758 775 821 855 ipse
835 776 1005 850 Eubulidas,
1018 794 1087 836 curu
1098 792 1156 853 ego
1175 771 1364 846 inscribam,

264 876 295 927 et
307 866 478 946 municipes,
493 866 536 925 ite
549 876 582 925 ut
595 886 711 946 equum
724 876 783 942 est,
795 866 885 946 jurati
905 886 1004 927 omnes
1023 866 1163 945 suffragia
1178 864 1220 925 de
1233 881 1287 925 ns
1299 865 1363 925 hs·

261 966 338 1030 mr,
351 976 447 1037 unque
461 958 617 1033 accusarit,
630 978 726 1038 neque
745 959 922 1021 eontrarium
939 958 1109 1038 suffragium
1131 958 1235 1018 tulerit
1277 956 1362 1017 Nam

260 1048 310 1109 bic
323 1049 428 1110 itemrn
441 1066 605 1111 omnesne
619 1051 794 1132 municipem
809 1069 873 1111 esse
880 1050 1060 1129 judicarunt.
1100 1050 1229 1119 Quodsi
1242 1048 1363 1109 meatim

260 1160 308 1202 me
322 1141 434 1215 dieunt,
448 1142 480 1203 iu
499 1162 565 1203 mea
583 1162 668 1223 aqua,
683 1143 816 1223 quisquis
828 1141 964 1215 voluerit,
980 1141 1154 1203 testificetur
1165 1142 1270 1201 borum
1281 1158 1361 1203 can-

260 1236 358 1293 traria.
398 1235 431 1295 Si
443 1234 541 1314 igitur,
553 1234 758 1308 Athenienses,
769 1236 892 1297 istorum
902 1233 1146 1314 iderquruentum
1160 1234 1360 1294 brmbdnsrn
1474 1236 1475 1319 J

259 1344 328 1387 esse
342 1326 499 1398 ridebimr,
510 1326 592 1405 quod
605 1327 765 1407 municipes
782 1348 829 1387 me
838 1329 901 1408 jam
914 1327 1072 1407 ejecerunt,
1089 1334 1148 1408 ego
1159 1337 1263 1405 quater
1272 1324 1361 1405 psius
1474 1328 1475 1391 i

263 1430 376 1493 sancta
397 1430 430 1481 et
452 1421 515 1480 sine
539 1421 753 1501 conspiratione
775 1420 940 1481 decrevisse
963 1440 1015 1482 eos
1036 1422 1201 1491 ostendam,
1215 1437 1283 1479 curn
1299 1418 1361 1478 ‹le-
1474 1409 1475 1471 ἕ

261 1522 416 1575 creverunt
437 1520 469 1572 et
490 1530 538 1571 me
561 1522 592 1572 et
612 1523 725 1592 petrem
748 1533 816 1575 esse
840 1512 1001 1593 municipes
1025 1534 1114 1583 suos:
1135 1514 1268 1595 primum,
1286 1527 1360 1571 cm
1474 1586 1475 1599 ἶ

260 1616 345 1685 peter
362 1604 501 1685 probetur
515 1604 580 1677 tuit,
599 1604 715 1677 deinde,
733 1626 801 1668 cum
814 1625 883 1687 ego,
897 1615 974 1685 post,
989 1606 1020 1665 in
1029 1608 1124 1686 prima
1141 1603 1358 1685 disquisitione.

261 1716 329 1759 eum
341 1698 388 1759 isti
401 1696 500 1759 album
513 1699 721 1772 occultassent,
743 1710 902 1780 postremo,
922 1718 992 1759 eum
1011 1700 1087 1760 iuter
1101 1698 1296 1760 nobilissimos
1306 1710 1359 1757 ne

261 1790 436 1870 delegerunt
447 1791 486 1853 ed
500 1792 680 1853 sortitionem
695 1792 856 1855 Herculani
867 1792 1031 1853 ssoerdotii.
1071 1792 1171 1873 Atque
1182 1792 1248 1851 bars
1257 1789 1361 1852 omnia

262 1883 437 1943 testimoniis
450 1886 640 1963 comprobata
653 1896 733 1945 eunt.

305 1976 352 2034 16.
374 1974 462 2043 Quod
484 1976 509 2033 si
533 1976 697 2035 tribunatus
718 1975 788 2035 mibi
805 1976 973 2038 referendus
985 1987 1039 2049 eet,
1052 1986 1170 2055 propter
1184 1992 1271 2052 quem
1283 1972 1360 2033 milei

261 2064 381 2145 quidam
401 2064 602 2124 irascebantur
624 2069 708 2141 (naua
732 2067 763 2123 in
785 2085 822 2125 eo
845 2068 1011 2128 inimicitius
1035 2068 1161 2147 suscepi,
1176 2064 1321 2145 exigendo
1338 2084 1361 2125 s

263 2156 363 2217 multis
378 2156 589 2217 conductiones
603 2157 747 2229 lucorum,
760 2167 792 2217 et
810 2157 867 2218 alia
884 2178 951 2237 qua
963 2159 1130 2240 reipublicae
1142 2159 1360 2235 subtraxerant)

260 2251 397 2331 equidem
410 2266 463 2313 vos
479 2252 580 2312 audire
592 2250 690 2323 velim,
703 2250 757 2311 sed
777 2252 901 2313 fortasse
921 2253 991 2311 nihil
1013 2253 1050 2311 ad
1070 2270 1130 2311 rem
1145 2249 1241 2310 iecere
1254 2249 1365 2311 exbti-

261 2343 389 2404 mabitis.
431 2343 508 2402 illud
521 2342 640 2420 quidem
653 2352 857 2421 argumentum
871 2342 1095 2423 conspirationis
1111 2358 1212 2399 eorum
1226 2342 1358 2419 prolerre

261 2440 392 2513 possum,
405 2433 485 2512 qnod
498 2452 514 2491 e
523 2433 715 2513 jurejurando
730 2433 902 2494 deleverunt
914 2433 979 2495 bec
992 2434 1090 2505 rerba,
1101 2452 1117 2491 s
1127 2442 1192 2491 ent
1201 2452 1219 2491 e
1228 2433 1357 2493 utiam

261 2525 378 2585 feram
400 2525 529 2585 auimo
545 2525 763 2605 aequissimo
780 2546 849 2587 nec
871 2526 1008 2607 gretie
1027 2546 1094 2587 nee
1116 2526 1201 2586 odii
1220 2544 1356 2599 causa,

261 2635 331 2677 uam
344 2616 375 2679 id
387 2636 503 2697 quoque
517 2612 734 2697 deprehensum
748 2629 805 2679 est.
846 2620 886 2680 Et
904 2619 983 2699 quod
1002 2636 1082 2689 erma
1097 2637 1151 2697 per
1169 2616 1357 2697 sacrilegium
1474 2628 1475 2651 ³

263 2710 601 2771 abstulerunt-dicetur
626 2712 814 2792 enim—qum
837 2732 896 2793 ego
921 2712 1062 2773 Minerva
1085 2729 1299 2782 consecrarem,
1322 2722 1358 2772 et
1474 2764 1475 2795 ,

262 2801 414 2863 decretum
436 2803 663 2883 exsculpserunt
681 2824 739 2885 quo
759 2805 919 2884 municipes
941 2825 989 2864 me
1008 2813 1156 2864 ornarant.
1209 2802 1358 2883 Conjurs»
1474 2850 1475 2887 ,

264 2906 333 2955 runt
352 2896 400 2956 isti
420 2908 522 2957 contre
537 2916 593 2972 me,
607 2917 626 2957 a
638 2898 746 2977 quibus
764 2917 801 2957 ea
817 2918 884 2975 quea
899 2897 1017 2975 publice
1034 2896 1218 2955 debebantur
1233 2893 1354 2973 redegig
1474 2908 1475 2911 ’

262 3006 357 3067 euque
378 3002 521 3050 uenerunt
549 2989 750 3070 impudentiae,
769 2997 805 3047 ut
829 2990 939 3069 passim
962 2989 1103 3061 dicerent,
1116 3007 1152 3048 ea
1180 3006 1228 3046 me
1255 2987 1353 3047 lacere
1474 2990 1475 3065 j

263 3099 355 3140 eausa
374 3081 559 3142 defensionis.
600 3082 674 3149 Quis
688 3100 757 3140 vero
777 3100 823 3140 rue
845 3092 973 3141 restrum
992 3090 1082 3141 tante
1107 3080 1286 3140 condemnet
1306 3080 1354 3139 iu·

263 3172 365 3242 saulce,
378 3172 510 3245 ludices,
530 3183 564 3232 ut
583 3184 702 3252 propter
722 3173 839 3233 tantille
856 3174 898 3233 rei
917 3174 1077 3253 probandae
1100 3182 1282 3253 argumenta,
1307 3172 1354 3231 la

261 3263 347 3320 ciuus
369 3272 461 3321 morte
486 3261 695 3322 vindicandum
720 3265 868 3337 auderem,
882 3274 913 3325 et
931 3286 999 3343 quae
1024 3265 1096 3324 mibi
1124 3264 1285 3324 honorilice
1303 3282 1353 3324 es-

263 3362 339 3425 sent,
353 3372 388 3413 ea
400 3353 569 3413 abolerem?
601 3355 680 3415 lllud
698 3368 808 3431 eutem,
820 3358 900 3438 quod
916 3357 1047 3418 omnium
1069 3368 1118 3417 est
1136 3356 1351 3436 gravissimum,

262 3464 322 3504 uun
340 3445 441 3524 utique
460 3445 560 3505 dicent
578 3466 625 3506 me
645 3460 764 3509 auctore
788 3472 854 3511 esse
874 3452 995 3511 factum.
1038 3450 1256 3530 cumprimum
1273 3448 1353 3508 enim
1474 3490 1475 3495 κ

261 3538 332 3597 milri
351 3538 501 3600 calamitas
525 3538 692 3614 accidisset,
704 3546 802 3604 statim
821 3544 942 3604 istorum
962 3543 1094 3624 quidam,
1106 3554 1247 3621 tanquam
1268 3542 1353 3602 exsul

257 3630 321 3710 jem
341 3650 442 3704 essem,
457 3644 487 3693 et
507 3630 669 3713 periissem,
681 3634 885 3697 domunculam
906 3638 937 3697 in
954 3658 1027 3719 agro
1045 3648 1135 3698 noctu
1149 3635 1290 3716 aggressi,
1305 3636 1352 3695 in·
1474 3629 1475 3679 Ψ

260 3736 453 3787 ammentum
473 3737 505 3787 et
530 3727 761 3807 suppellectilem
780 3731 895 3791 auferre
916 3742 984 3792 sunt
1003 3732 1110 3792 conati.
1152 3730 1254 3809 Usque
1276 3728 1351 3789 adeo

259 3826 292 3877 et
311 3836 363 3879 eos
385 3830 415 3878 et
434 3818 516 3899 leges
538 3830 789 3899 contemptamut.
830 3822 875 3881 Ac
891 3822 917 3883 si
938 3822 1036 3895 vultis,
1049 3822 1136 3901 hujus
1153 3822 1195 3880 rei
1215 3817 1350 3880 conscios
1474 3834 1475 3908 ᾗ

259 3912 423 3972 citabimus.

302 4004 348 4064 17.
371 4006 433 4065 Etsi
447 4016 542 4067 auteur
557 4007 649 4068 multa
662 4008 810 4081 haberem,
820 4028 887 4088 qun
898 4009 946 4069 isti
958 4018 1165 4090 perpetrarunt
1175 4018 1208 4068 et
1216 4006 1349 4068 ementiti

258 4106 336 4166 suut,
348 4101 613 4174 commemoranda,
625 4100 806 4180 libenterque
817 4101 899 4161 vobis
917 4120 1102 4182 exponerem,
1118 4121 1154 4162 ea
1169 4110 1270 4161 minen
1281 4117 1349 4159 cin

257 4196 361 4265 preter
374 4208 433 4249 rem
448 4210 514 4252 esse
527 4192 646 4271 putetis,
662 4191 805 4251 omittam.
847 4192 1013 4253 llleantem
1026 4192 1229 4265 recordemini,
1242 4201 1350 4271 etspe-
1474 4194 1475 4197 ’

257 4288 346 4352 etate,
359 4282 477 4358 quentis
491 4285 667 4364 argumente
690 4283 784 4344 fretus
802 4285 843 4345 ed
856 4303 908 4344 ros
924 4288 1105 4348 accesserim.
1148 4286 1190 4344 Ut
1202 4283 1281 4344 enisu
1297 4302 1349 4343 ros
1474 4358 1475 4383 p

256 4370 287 4429 in
299 4372 429 4434 servires
442 4375 595 4455 inquiritis,
609 4376 647 4436 ad
668 4375 797 4436 eundem
817 4395 876 4455 ege
888 4377 1009 4438 modum
1028 4377 1108 4457 epud
1126 4394 1180 4437 vos
1192 4376 1223 4435 iu
1239 4394 1293 4434 me
1305 4374 1348 4433 ie·

254 4462 377 4542 quinte»
406 4466 489 4527 lisere
504 4468 601 4542 bomo,
614 4468 680 4547 quis
693 4468 747 4529 tibi
760 4478 845 4549 pater
855 4468 934 4529 furt
958 4469 1052 4529 Mihi?
1071 4468 1239 4529 Tbuoritus.
1260 4466 1348 4526 Nus·
