2967 5017
534 636 1073 768 numosrrrunrs
1103 639 1137 769 ,’

655 901 949 979 ΕΧΟΕΡΤΙΟ

414 1119 727 1188 ADVERSUS
768 1120 1202 1218 PANTAENETUM.

298 1289 326 1350 l.
348 1291 441 1360 Qum
465 1289 610 1352 dederunt
626 1291 706 1371 leges
722 1291 883 1371 encipieudi
903 1301 1089 1372 potestatem,
1104 1292 1233 1366 tudites,
1254 1293 1290 1353 iis
1310 1291 1355 1355 de

257 1385 343 1444 rebus
363 1402 430 1464 quse
453 1391 527 1466 acta
547 1391 764 1462 transactoeque
785 1394 864 1454 sunt,
878 1393 908 1442 et
926 1385 991 1444 hoec
1011 1395 1135 1463 utraque
1154 1383 1229 1444 iuter
1250 1401 1297 1442 me
1318 1393 1351 1442 et

257 1473 462 1534 Panttanetum
480 1474 715 1545 intercesserunt,
737 1474 910 1552 praescripsi,
934 1485 968 1534 ut
992 1474 1081 1534 mmo
1107 1473 1266 1545 audivistis,
1289 1491 1354 1532 non

257 1562 385 1624 dandam
405 1581 471 1623 csse
492 1564 518 1624 ei
538 1563 695 1636 actionem,
708 1581 768 1623 non
789 1563 993 1624 abstinendum
1013 1563 1070 1624 boc
1084 1565 1152 1644 jure
1172 1565 1242 1624 mibi
1257 1573 1351 1639 ratus,

257 1675 352 1735 neque
363 1653 605 1715 committendum
625 1664 657 1714 ut
672 1673 740 1714 cum
754 1664 860 1735 proetcr
870 1665 978 1714 caetere
989 1656 1088 1714 omnia
1097 1656 1250 1715 convicero
1260 1655 1354 1715 istum

257 1758 288 1807 et
301 1745 380 1808 omni
393 1766 439 1808 me
452 1746 581 1827 periculo
595 1745 733 1808 liberasse
750 1756 781 1806 st
795 1765 912 1807 mecum
933 1747 1124 1828 transegisse,
1132 1741 1234 1806 'dcere
1251 1755 1356 1826 posset

256 1854 305 1896 me
325 1857 384 1898 non
404 1857 475 1898 vem
494 1838 585 1916 ioqui,
609 1858 683 1898 nere
709 1837 768 1920 boc
794 1848 967 1914 argumento
988 1847 1127 1907 uteretur,
1150 1836 1269 1914 siquid
1291 1836 1354 1896 tale

256 1937 355 1987 actum
380 1940 468 2000 esset,
489 1930 580 1989 tuisse
604 1947 650 1986 me
673 1927 727 1985 sibi
752 1927 1004 2003 praescriptornm:
1033 1926 1088 1984 sed
1112 1927 1141 1982 in
1162 1927 1221 1985 hoc
1236 1926 1355 2002 judicio

256 2018 417 2094 eademque
431 2035 522 2074 causa
534 2015 617 2074 vobis
631 2025 785 2092 utrumque
803 2013 1027 2087 ostendendum,
1041 2025 1072 2074 et
1085 2014 1133 2073 isti
1147 2032 1165 2075 a
1180 2033 1225 2072 mc
1238 2014 1355 2077 nuliam

256 2125 322 2166 esse
336 2107 444 2165 iactam
459 2105 601 2179 injurient,
615 2114 646 2164 et
659 2105 696 2162 ab
710 2122 747 2162 eo
760 2103 830 2162 mibi
849 2113 952 2163 contra
967 2102 1051 2182 leges
1065 2104 1171 2164 incessi
1190 2105 1353 2182 negotium.

257 2196 346 2265 Quod
359 2197 384 2255 oi
398 2195 469 2276 'quid
482 2214 582 2255 corum
595 2195 751 2256 accidisset
763 2193 936 2255 Pa'ntoencto
957 2215 1025 2274 qnae
1047 2215 1127 2256 nunc
1139 2195 1278 2274 queritur,
1291 2194 1352 2258 iilis

256 2289 353 2350 stetim
367 2288 548 2368 temporibus
561 2287 591 2346 in
602 2289 651 2364 jus
664 2307 711 2347 me
724 2295 870 2360 vocasset,
883 2288 989 2366 quibus
997 2289 1080 2349 inter
1095 2308 1150 2348 nos
1162 2297 1352 2348 contraxera-

256 2403 333 2455 mus,
347 2401 415 2442 cum
430 2394 461 2442 et
474 2393 625 2442 menstrua
638 2383 698 2441 sint
712 2381 826 2460 judicia
840 2381 915 2454 haec,
934 2392 965 2441 et
977 2382 1091 2463 utrique
1104 2382 1184 2443 dorni
1197 2381 1352 2456 fuerimus,

210 2533 213 2548 k
255 2486 287 2536 et
299 2494 401 2535 omnes
413 2473 546 2534 homines
563 2473 729 2538 recentibus
746 2472 857 2551 injuriis
870 2473 966 2552 magis
979 2491 1067 2551 quam
1081 2492 1163 2534 mora
1177 2473 1349 2553 interposite

256 2565 401 2646 indignari
421 2565 554 2627 soleant:
578 2565 632 2626 sed
651 2575 807 2646 postquam
821 2565 902 2625 nollo
915 2563 1036 2625 effectos
1050 2567 1229 2645 injuria—ut
1243 2576 1273 2625 et
1286 2585 1350 2640 vos,

256 2658 327 2719 ratis
337 2659 409 2732 scio,
418 2659 519 2720 audita
529 2659 713 2719 reusscusuri
727 2659 979 2718 estis-successu
987 2658 1124 2737 Euergini
1130 2658 1235 2737 judicii
1243 2657 1351 2731 elatus,

257 2749 463 2822 calumniatur,
475 2749 618 2828 reliquum
632 2761 687 2822 eet,
700 2749 832 2823 iudices,
841 2759 886 2822 nt,
898 2749 979 2828 opud
991 2769 1045 2811 vos
1054 2760 1173 2810 ostensa
1181 2750 1352 2810 innocentia

258 2857 323 2900 mea
343 2851 373 2900 et
393 2841 428 2900 iis
451 2860 518 2920 quaa
541 2841 636 2903 dicam
661 2842 785 2902 testibus
807 2841 1014 2920 comprobetis,
1037 2841 1112 2901 tueri
1134 2861 1182 2902 me
1204 2841 1350 2901 studeam.

257 2930 361 2992 Petam
378 2941 475 2994 autern
495 2934 614 2993 a-vobis
634 2934 769 2992 omnibus
786 2949 848 2990 rem
863 2950 980 3009 aequam
993 2942 1024 2991 et
1035 2931 1192 3001 modicam,
1207 2941 1241 2990 ut
1253 2950 1350 2991 meam
1454 2961 1460 2968 ‚

256 3025 460 3106 exceptionem
474 3024 600 3104 benigne
614 3023 752 3094 audiatis,
764 3031 916 3097 totumque
927 3022 1076 3099 negotium
1090 3023 1245 3110 diligenter
1254 3031 1352 3083 atten-

258 3114 350 3175 datis:
371 3133 439 3188 nam
452 3133 518 3172 cum
533 3112 627 3171 multa
642 3111 672 3170 in
690 3113 762 3170 urbe
777 3109 890 3189 judicia
906 3110 986 3170 sacta
1006 3111 1075 3184 sint,
1089 3111 1201 3172 nullam
1218 3131 1351 3191 unquam

258 3205 402 3262 actionem
414 3203 460 3263 rel
471 3200 666 3280 impudentius
681 3201 727 3262 sei
738 3200 864 3279 iniquius
876 3203 915 3260 ab
929 3201 990 3262 ullo
1003 3221 1069 3262 esse
1082 3202 1246 3262 institutam
1259 3203 1352 3263 senti-

258 3291 323 3362 etis,
334 3289 368 3350 ut
382 3292 513 3365 arbitror,
524 3311 560 3352 ea
577 3310 637 3370 qua
657 3311 739 3353 nnnc
757 3293 816 3351 iste
828 3292 962 3352 institute
974 3292 1005 3352 in
1017 3301 1207 3376 conspectum
1221 3302 1353 3352 vestrum

258 3383 374 3462 prodire
393 3402 452 3443 non
469 3381 622 3443 dubitavit.
663 3383 752 3444 Dabo
767 3392 862 3444 antem
876 3402 1004 3464 operam,
1017 3397 1123 3444 utrem
1135 3385 1217 3444 robis
1232 3391 1351 3446 omnem
1384 3453 1396 3466 ,

259 3475 296 3533 ab
309 3474 402 3548 initio,
414 3493 502 3555 quarn
525 3474 589 3534 fieri
607 3475 789 3553 paucissimis
802 3477 918 3555 poterit,
932 3475 1083 3557 explicem.

300 3568 329 3626 2.
350 3566 553 3627 Mutuavimus
573 3565 704 3644 quinque
722 3577 753 3626 et
771 3576 888 3627 centurn
904 3568 1009 3641 minas,
1027 3565 1160 3640 iudices,
1176 3564 1352 3630 Pautseneto

259 3677 315 3738 ego
335 3650 367 3718 et
388 3657 518 3736 Erergus
539 3656 578 3717 ad
600 3655 745 3716 officinam
765 3657 795 3716 in
815 3657 922 3718 fodinis
943 3658 1091 3720 Maroneia
1114 3668 1146 3717 et
1169 3656 1206 3720 ad
1229 3659 1352 3738 triginta

259 3751 420 3830 mancipia:
441 3748 504 3826 ejus
522 3748 655 3826 pecuniae
674 3747 867 3826 quodraginta
885 3749 1015 3828 quinque
1032 3749 1120 3807 minse
1132 3749 1351 3826 meminerunt,

260 3842 400 3904 utentum
416 3838 532 3918 Euergi.
574 3838 729 3898 Acciderat
743 3849 840 3898 autem
853 3849 887 3898 ut
899 3841 954 3900 iste
967 3839 1087 3900 deberet
1097 3839 1233 3901 Mnesicii
1243 3841 1350 3922 Cotyt-

143 3929 146 3942 ’
260 3927 343 3994 tensi
353 3935 504 4002 talentum,
519 3930 631 3990 Phiieae
647 3929 798 3989 Eleusinio
821 3941 851 3991 et
871 3930 989 3992 Plistori
1011 3932 1350 4013 quadragintaquinque

260 4023 364 4085 mines.
405 4021 547 4086 Venditor
567 4021 691 4082 officiose
704 4032 735 4081 et
748 4023 956 4103 mancipiorum
973 4023 1059 4084 nobis
1074 4024 1107 4099 iit
1121 4023 1350 4087 Moesicies—-is

260 4115 337 4174 enim
347 4134 383 4175 ea
391 4116 438 4175 isti
450 4123 584 4175 emerata
596 4109 787 4175 Telemarcho
799 4114 892 4194 priore
901 4115 1071 4189 domino-7
1079 4133 1117 4175 es
1128 4122 1204 4176 vero
1211 4116 1353 4180 conducit
1419 4113 1425 4125 '

261 4205 317 4264 iste
340 4223 359 4264 a
379 4207 463 4266 nobis
481 4226 570 4269 usura
589 4205 664 4264 iliius
681 4206 805 4284 argenti,
823 4207 952 4285 quinque
970 4219 1000 4266 ct
1019 4217 1136 4267 centum
1156 4206 1303 4268 drachmis
1318 4209 1351 4270 in

263 4295 394 4375 singulos
404 4316 531 4360 menses.
572 4297 750 4360 conficimus
763 4291 887 4371 tabulas,
900 4299 1006 4378 quibus
1019 4298 1181 4373 etlocatio,
1193 4310 1352 4364 etcertum

235 4471 246 4484 ἱ
261 4387 410 4473 quoddam
423 4398 538 4469 tempus
558 4391 635 4452 intra
645 4389 725 4469 quod
743 4410 762 4451 a
779 4388 864 4451 nobis
877 4389 1022 4452 officinam
1041 4390 1069 4451 ei
1088 4391 1227 4454 redimere
1239 4393 1352 4468 liceret,
