2967 5017
239 331 311 406 ‚ss
610 330 654 390 ss
675 327 1011 392 csssuuosrsu.

269 484 360 564 siqu
375 483 404 545 is
419 497 515 564 nuper
525 501 617 546 susus
629 495 678 546 est
697 483 806 557 (luere,
820 483 988 564 Philippum
1001 480 1108 552 idcirco
1120 481 1151 542 in
1168 489 1371 542 mtremre·

267 576 387 656 pionem
399 595 460 638 ncn
472 577 627 650 inruisse,
639 577 722 656 quod
734 593 821 636 sucre
839 576 868 636 ei
887 573 968 636 hsud
981 573 1081 654 pulcre
1100 571 1271 634 oemisoent.
1296 571 1373 636 Qun

267 668 356 748 igitur
367 668 512 749 supplicio
523 669 631 748 dignus
644 687 688 739 es,
701 687 721 728 u
734 667 859 728 Greniae
871 666 992 728 clsdesl
1016 667 1048 726 Si
1060 665 1138 726 enim
1150 666 1212 744 ipse
1229 664 1327 724 rietur
1340 664 1370 722 irs

269 783 370 825 eornm
385 767 435 844 qni
448 765 517 824 victi
538 774 623 824 erunt
642 765 716 824 lines
737 783 798 824 nun
817 763 932 833 inserit,
944 762 1024 840 quud
1038 781 1122 822 sscrs
1140 760 1168 820 ei
1187 779 1247 818 nnn
1263 759 1372 838 pnlcre

269 857 438 929 perissem,
451 867 485 915 tu
495 867 594 915 sutem
604 858 723 916 nescius
736 855 808 934 quid
821 865 901 916 esset
914 855 1032 914 omnino
1043 854 1182 920 futurum,
1195 851 1372 931 priusquam

270 947 387 1008 lituses
404 948 511 1008 milites
531 949 663 1018 emisisti,
678 960 777 1007 uuum
790 947 919 1025 oportuit
937 959 966 1008 te
987 955 1108 1026 propter
1124 945 1226 1004 cludee
1239 944 1372 1004 cisitutis

272 1059 382 1101 muns
393 1040 509 1110 dunen,
522 1060 562 1099 uu
575 1041 641 1119 ejici
650 1051 740 1118 utque
753 1039 961 1100 exterminari!

310 1135 361 1190 43.
386 1132 463 1192 Nsru
488 1132 560 1211 quid
585 1133 736 1211 inspersu,
762 1132 834 1210 quid
853 1132 1046 1210 inerspeuteti
1066 1140 1168 1190 nostru
1191 1137 1282 1187 aetnte
1308 1147 1370 1188 nnn

272 1225 388 1284 evenit!
413 1223 481 1282 Nou
493 1224 572 1282 euim
583 1223 672 1283 situm
686 1243 742 1283 nus
754 1224 913 1282 humanum
923 1222 1059 1292 viximus,
1074 1222 1127 1281 sed
1141 1229 1175 1279 ut
1186 1219 1372 1281 incredibilie

273 1315 312 1374 dn
324 1316 410 1374 nobis
422 1315 579 1392 loquuntur
597 1316 709 1394 posteri
727 1318 758 1374 in
773 1315 867 1376 lucem
882 1315 953 1374 editi
972 1333 1085 1374 sumus.
1108 1313 1191 1384 ‚Nun
1213 1312 1372 1371 Persarum

272 1427 334 1478 rex,
356 1406 409 1485 qui
421 1406 542 1466 Athens
554 1407 680 1488 perfudit
702 1407 986 1486 Hellespontumque
1004 1407 1112 1482 junxit,
1134 1406 1184 1484 qni
1210 1415 1320 1464 terrem
1339 1415 1373 1462 et

274 1519 381 1579 equum
395 1500 515 1560 Grecos
529 1499 699 1578 postularit,
712 1501 764 1576 qui
774 1519 806 1558 se
820 1499 850 1557 in
864 1499 954 1558 literis
967 1517 1056 1558 ausus
1069 1509 1116 1558 est
1128 1495 1294 1556 mnrtnlinm
1309 1513 1372 1554 ons-

144 1596 153 1607 ’
275 1592 355 1651 ιιίω
369 1591 568 1652 aborturolis
581 1591 729 1670 usquead
742 1589 1043 1650 oecusumdnsninnm
1058 1587 1215 1668 appellare,
1227 1587 1292 1666 jum
1313 1605 1372 1645 nnn

275 1682 516 1744 dedumiustuin
525 1682 610 1754 nius,
620 1683 674 1742 sed
683 1682 722 1742 de
731 1683 776 1740 sui
785 1681 913 1760 corporis
926 1681 1023 1742 salute
1035 1681 1176 1741 dimicet?
1198 1679 1374 1740 uteorum

273 1775 421 1836 cauimus
435 1784 468 1833 et
483 1772 539 1834 linc
553 1773 647 1852 glosis
659 1785 690 1834 et
705 1774 776 1834 belli
795 1774 934 1834 adsersus
949 1774 1070 1834 Persam
1086 1774 1253 1854 principatu
1267 1772 1374 1852 digus·

274 1875 334 1937 tus,
347 1867 400 1945 qui
410 1865 552 1944 ternplum
566 1865 745 1944 Delphicum
758 1867 926 1926 liberarunt
946 1865 1056 1927 llrelsae
1070 1884 1148 1936 sero,
1166 1865 1289 1934 tucho,
1304 1867 1374 1926 urbs

276 1958 382 2031 sicine,
396 1977 459 2020 uuo
478 1958 527 2018 die
547 1977 584 2017 ex
602 1959 700 2018 medie
711 1959 830 2023 Gracia
842 1959 1110 2039 funditurnbrepts
1123 1969 1178 2030 est,
1189 1977 1228 2018 uc
1240 1958 1273 2017 ni
1287 1958 1375 2018 fultor

271 2051 348 2131 jesu,
359 2053 470 2130 qnippe
481 2071 549 2130 quus
562 2050 675 2110 nullum
688 2063 801 2112 rectum
816 2050 968 2112 consilium
985 2052 1023 2110 de
1039 2069 1155 2112 sumtus
1166 2069 1264 2110 rernm
1277 2053 1374 2129 sgitt-

276 2154 368 2212 serst,
392 2151 593 2202 reruntntm
606 2159 666 2201 non
690 2142 816 2201 huussne
838 2143 891 2202 sed
912 2143 1013 2202 divino
1038 2142 1166 2222 quodum
1189 2142 1320 2222 impulsu
1344 2143 1374 2202 in

277 2234 356 2294 hunc
368 2232 533 2294 iutuitetesn
547 2244 578 2294 et
596 2236 755 2295 ementium
769 2236 865 2296 fueret
883 2246 1027 2314 protrusu.
1068 2235 1137 2294 Jsm
1160 2235 1377 2296 hoedcmonii

278 2327 442 2398 miserrimi,
468 2326 518 2404 qni
545 2327 646 2386 leviter
666 2337 779 2386 tuntum
803 2339 834 2385 et
855 2326 937 2384 initio
954 2328 1041 2384 rebus
1063 2325 1120 2384 illis
1144 2343 1211 2384 cnm
1231 2326 1375 2404 templum

277 2417 453 2495 diriperetur
464 2435 498 2474 se
511 2417 738 2487 immiscuerunt,
747 2417 799 2494 qui
811 2417 867 2474 sibi
879 2415 1004 2475 Groecirs
1015 2415 1212 2494 prindpetum
1224 2417 1374 2494 quondum

277 2509 464 2583 mrcgnbent,
477 2525 557 2566 nnnc
578 2515 614 2564 ut
626 2508 821 2566 Mucedrm'lm
833 2507 907 2567 dent
924 2505 1041 2566 ohsides
1060 2527 1181 2585 sueque
1200 2507 1376 2568 culsmitstis

276 2597 416 2658 indicium
428 2595 510 2656 hurd
531 2597 690 2657 mmmm
710 2597 802 2657 edant
823 2598 864 2657 sd
887 2598 1087 2658 Alexandrum
1106 2598 1285 2676 legationem
1307 2609 1379 2661 sunt

278 2691 403 2761 missuri,
416 2709 520 2769 poenns
532 2690 589 2767 ipsi
611 2709 679 2748 cuns
691 2709 749 2750 sun
761 2689 867 2769 putris,
886 2709 1078 2769 quuscunqne
1101 2691 1142 2752 illi
1164 2692 1257 2750 suum
1280 2695 1378 2766 fruit,

277 2783 386 2854 deseri,
398 2782 527 2860 denique
538 2791 571 2840 et
582 2782 699 2842 victuris
712 2793 745 2842 et
756 2783 861 2863 injurie
873 2783 1002 2843 lucessiti
1011 2784 1124 2862 judicio
1137 2795 1169 2844 et
1183 2784 1377 2846 mcdmtinni

278 2875 499 2960 mundium.
520 2874 632 2934 Giritus
644 2893 714 2934 seru
724 2885 831 2946 nostru,
845 2895 1001 2936 cornmune
1014 2876 1187 2936 urceorum
1200 2877 1378 2956 perfugiunn,

278 2967 318 3028 d
329 2985 419 3045 quern
429 2967 593 3044 munes
607 2967 678 3026 olim
690 2987 727 3026 ex
735 2967 860 3046 singulis
871 2967 996 3028 Grrecioe
1008 2968 1173 3028 cisitutilsns
1183 2971 1378 3044 ventitabat,

278 3057 404 3121 stlntn
427 3079 532 3120 omnes
552 3080 572 3120 n
597 3058 681 3120 rubis
712 3071 870 3138 psrsturoe,
892 3065 954 3135 jum
974 3079 1034 3120 nnn
1054 3061 1094 3120 de
1121 3060 1293 3121 Grecmum
1320 3063 1377 3121 im·

277 3151 360 3230 perio
369 3152 505 3222 dimicat,
519 3153 574 3213 sed
587 3153 626 3211 de
638 3150 734 3230 petrin
745 3151 837 3228 ipsius
850 3152 924 3212 solo.
960 3151 999 3210 lit
1012 3151 1076 3214 hec
1091 3154 1190 3213 omniu
1202 3154 1287 3214 nubis
1301 3155 1379 3214 seci-

278 3239 388 3302 ¹‹lernnt
408 3244 495 3312 rneln,
519 3263 556 3302 es
575 3262 634 3320 qun
655 3242 872 3302 Demosthenes
894 3243 932 3304 sd
953 3263 1047 3323 remp.
1070 3247 1202 3306 sucessit
1232 3245 1380 3307 Prmclsse

279 3351 351 3392 sene
362 3332 402 3391 de
414 3333 581 3411 hujusmodi
595 3333 663 3393 siris
686 3335 794 3396 cecinit
812 3345 902 3414 puetu
920 3335 1081 3399 Hesiodus.
1105 3337 1188 3398 Dicit
1209 3338 1288 3397 enim
1305 3339 1378 3397 elie·

279 3424 340 3495 ubi,
353 3424 478 3503 populns
501 3424 647 3497 erudiens,
669 3437 700 3485 et
722 3429 886 3488 civitatibus
908 3429 1065 3488 consulens
1083 3449 1122 3490 ne
1141 3432 1289 3508 improbos
1310 3449 1378 3490 urs-

279 3527 358 3580 tures
375 3515 656 3596 admittunt-utqui
668 3521 797 3580 carmina
811 3521 875 3599 ipss
887 3522 971 3580 robis
991 3521 1129 3582 recitabo.
1158 3523 1193 3581 ln
1206 3523 1284 3581 hunc
1297 3523 1380 3583 enim

183 3651 186 3660 -
279 3611 367 3672 finem
374 3609 498 3670 srbitrur
510 3629 565 3668 uns
574 3610 645 3669 dum
657 3612 740 3690 pnsri
754 3631 855 3672 sumus
866 3623 1017 3692 poetarum
1028 3615 1188 3674 sententiur
1198 3614 1381 3694 perdiscere,

280 3712 315 3762 ut
325 3703 361 3763 iis
371 3713 462 3764 (etate
470 3703 534 3783 jem
546 3704 649 3765 ndultu
662 3715 786 3765 ntemr.

507 3845 575 3906 Seps
588 3846 631 3894 siri
644 3863 699 3909 gens
711 3855 759 3894 tots
770 3849 814 3894 luit
826 3849 902 3894 scelus
915 3849 983 3896 unius
994 3835 1065 3906 etrus,

507 3924 609 3969 Demens
621 3924 659 3984 qui
670 3931 761 3984 peccet,
773 3925 811 3984 qni
822 3941 858 3971 res
872 3927 965 3973 molitur
976 3925 1075 3986 iniquus.

506 3998 600 4059 Jupiter
609 4000 653 4044 ius
663 4008 744 4047 contu
754 4013 844 4048 summu
855 4002 957 4048 demittit
965 4002 998 4047 01
1000 4013 1071 4063 ynspn

507 4075 584 4122 Omne
594 4075 650 4124 meli
661 4092 733 4137 penus
740 4077 817 4132 exitii,
829 4085 965 4140 pestemque
976 4079 1117 4139 irunnpssr

474 4195 478 4206 ,
507 4151 552 4197 Vel
560 4152 635 4198 sciere
643 4153 763 4202 immunem
774 4155 877 4216 perimit,
891 4155 927 4200 vel
939 4156 1023 4204 moeuir
1033 4156 1126 4214 sternit,

505 4229 551 4276 Vel
561 4231 650 4290 tepidis
658 4247 731 4278 usses
739 4234 839 4292 jactetur
850 4231 931 4278 obruit
936 4231 1014 4278 undis.

283 4338 372 4408 Quot
389 4342 415 4400 si
433 4341 574 4402 dementis
586 4343 717 4422 undique
737 4353 833 4422 pocus
854 4339 994 4416 numni-is,
1007 4347 1166 4408 umetis·
1178 4345 1383 4425 perpulsus,

280 4439 354 4510 putu
365 4431 450 4492 vulsis
461 4452 522 4493 non
542 4434 664 4496 Hesiodi
684 4451 813 4506 cumen,
831 4435 885 4495 sed
906 4435 1057 4498 maculam
1073 4437 1111 4498 de
1129 4437 1249 4518 publius
1268 4437 1382 4505 Dem-
1462 4457 1463 4462 ’
