2967 5017
246 338 307 399 toa
548 338 723 403 CONTRA
746 340 1038 403 renouatum

648 578 955 641 assummum.

245 724 353 877 gemm
369 722 458 787 etiam
480 743 590 796 eorum,
603 723 653 803 qui
677 725 858 806 propositam
877 743 943 784 eam
964 721 1110 791 viderunt,
1129 720 1338 781 testimonium.

308 814 357 877 ita.

644 968 945 1030 TESTIMONIUM.

243 1114 327 1198 Voca
339 1113 426 1177 etiam
438 1126 582 1176 mercatus
596 1126 755 1187 curatores,
767 1116 921 1196 ipsumque
930 1114 1091 1183 Miconem,
1102 1112 1187 1192 cujus
1200 1109 1339 1174 indicavit

240 1204 402 1288 navigium,
415 1221 445 1269 et
458 1210 635 1271 testimonia.
676 1208 764 1287 Lege.

653 1402 923 1463 TESTIMONIA.

283 1544 312 1602 3.
335 1540 527 1603 Theocrinenr
550 1542 638 1623 igitur
659 1542 808 1604 indicasse
828 1543 955 1604 Miconis
979 1541 1138 1623 navigium,
1158 1542 1293 1615 Jndices,
1305 1554 1337 1602 st

241 1633 449 1696 indicationem
469 1634 519 1696 diu
541 1634 634 1695 fuisse
655 1636 844 1717 propositam,
860 1648 891 1697 et
907 1636 1077 1697 accersitum
1091 1635 1130 1697 ad
1143 1633 1337 1715 questionem

236 1724 300 1788 ¹nou
321 1730 464 1809 paruisse,
482 1748 578 1809 neque
599 1731 772 1803 accessisse,
786 1751 838 1792 eos
854 1731 956 1791 testari
977 1728 1140 1800 audivistis,
1157 1745 1232 1808 quos
1250 1728 1282 1788 id
1305 1728 1336 1789 in

240 1821 342 1899 primis
365 1822 472 1883 habers
495 1834 675 1905 compertum
700 1824 845 1885 convenit
887 1824 963 1884 Eum
982 1843 1053 1883 vero
1071 1842 1132 1882 non
1144 1821 1233 1881 modo
1255 1819 1336 1882 mille

240 1910 395 1975 drachmas
410 1916 528 1987 debere,
542 1916 594 1975 sed
609 1928 641 1975 et
659 1916 689 1975 in
703 1936 851 1977 carcerem
865 1916 1083 1985 abducendum,
1098 1925 1129 1975 et
1141 1914 1260 1994 reliquis
1271 1932 1335 1994 poa

240 2007 286 2093 nis
300 2008 484 2069 afficiendum
505 2028 583 2077 esse,
597 2028 671 2088 quas
695 2011 759 2069 haec
777 2010 826 2068 lex
845 2008 880 2067 iis
901 2009 1036 2079 minatur,
1049 2008 1100 2087 qui
1114 2019 1291 2068 mercatores
1304 2017 1338 2068 et

239 2098 434 2159 navicularios
449 2099 674 2171 calumniantur,
690 2122 727 2161 ex
746 2103 810 2179 ipss
828 2100 892 2178 lege
912 2100 1001 2160 facile
1020 2101 1215 2179 cognoscetis.
1258 2100 1334 2161 Cum

238 2192 315 2253 enlm
327 2194 416 2254 vellet
424 2193 585 2273 legislator,
594 2174 689 2274 necue
698 2194 903 2273 delinquentes
912 2205 1088 2255 mercatores
1096 2194 1249 2255 indemnes
1259 2214 1336 2266 esse,

239 2305 337 2365 nequa
351 2287 482 2349 insontes
497 2289 605 2359 vexari,
619 2288 736 2349 omnino
755 2286 912 2365 vetuithoc,
923 2286 1074 2345 hominurn
1092 2306 1185 2364 genus
1205 2287 1337 2359 indicari,

239 2378 348 2457 niquis
369 2380 431 2457 ipse
454 2380 510 2439 sibi
530 2380 673 2451 confidat,
686 2398 718 2439 se
738 2388 922 2439 mensurum
944 2376 1025 2455 apud
1038 2395 1100 2447 vos,
1113 2376 1192 2435 facta
1211 2396 1279 2439 esse
1299 2398 1335 2439 ea

238 2486 306 2547 quaa
328 2469 449 2543 indicat,
461 2471 541 2549 quod
562 2470 669 2549 siquis
689 2470 932 2531 calumniatorum
952 2488 1038 2529 mous
1056 2468 1168 2539 fecerit,
1180 2466 1269 2529 licere
1281 2489 1334 2531 eoa

238 2560 342 2621 deferri
356 2571 387 2623 et
407 2563 436 2622 in
451 2582 598 2624 carcerem
615 2563 730 2637 abduci.
760 2564 818 2624 Sed
832 2562 926 2642 ipsam
940 2560 1037 2642 potius
1047 2560 1142 2639 legem
1157 2560 1257 2633 recita,
1266 2581 1335 2643 quo

238 2650 269 2713 id
283 2654 376 2715 multo
389 2657 553 2717 evidentius
565 2678 653 2737 quam
667 2676 734 2737 ego,
745 2656 875 2719 docebit.

738 2857 829 2915 LEX.

237 2996 363 3069 Auditis,
375 3000 507 3073 ludices,
520 3001 602 3079 leges
625 2998 695 3077 quid
713 2996 953 3059 calumniatorem
974 2995 1055 3055 luere
1064 2994 1211 3076 jubeant?
1231 2998 1332 3065 Quare

235 3090 259 3147 si
274 3091 345 3169 quid
359 3111 460 3151 eorum
478 3112 544 3171 quae
566 3092 594 3150 in
615 3090 793 3149 indicatione
806 3086 957 3147 Miconem
975 3087 1081 3148 fecisse
1099 3088 1215 3167 scripsit
1235 3088 1332 3175 Tbeo7

236 3180 341 3253 onnes,
355 3183 435 3255 lecit,
447 3184 653 3261 prevaricatus
667 3190 856 3258 ostiamque
870 3198 936 3238 cum
951 3199 987 3240 eo
1005 3182 1157 3261 transegit,
1171 3180 1254 3240 vobis
1267 3201 1330 3241 om·

235 3268 321 3330 nibus
335 3272 406 3333 facit
418 3274 550 3354 injuriam
565 3273 724 3352 meritoque
744 3272 822 3332 mille
846 3272 992 3333 drachmis
1008 3274 1174 3333 mulctatur.
1217 3274 1331 3347 Simeo,

234 3381 294 3440 quo
307 3362 441 3436 decebat,
454 3365 751 3447 navigante—utrum
764 3363 846 3424 enim
860 3364 914 3425 iste
927 3364 1018 3438 volet,
1031 3364 1288 3445 largiar-indicat
1301 3378 1333 3427 et

165 3484 167 3491 v
234 3454 367 3529 arcessit,
386 3467 416 3517 et
435 3457 628 3519 calumniatur
646 3457 851 3527 navicularios,
864 3456 961 3537 legem
983 3476 1042 3517 non
1063 3460 1128 3517 ‘eam
1150 3456 1331 3539 solumque

234 3549 325 3628 prins,
340 3554 393 3612 sed
406 3553 484 3613 hano
498 3553 584 3614 etiam
606 3574 673 3633 qum
686 3554 775 3614 modo
793 3552 914 3613 recitata
933 3563 989 3627 est,
1010 3552 1138 3625 violavit,
1152 3562 1183 3611 et
1195 3573 1250 3613 suo
1267 3553 1330 3634 ipse

233 3642 400 3706 testimonio
422 3645 613 3716 confirmavit,
635 3666 666 3705 se
689 3645 752 3704 sani
773 3646 930 3725 quicquam
953 3666 1008 3705 nec
1031 3664 1129 3724 agere,
1143 3664 1199 3705 nec
1221 3646 1329 3707 dicere.

235 3734 309 3805 Quis
322 3737 400 3797 enim
413 3758 512 3798 causae
524 3738 656 3799 bonitate
675 3738 770 3798 fretus
790 3738 923 3816 pecunie
935 3748 1048 3817 partem
1068 3758 1104 3797 ex
1117 3738 1184 3816 lege
1197 3738 1331 3819 accipere

234 3829 396 3902 uolitant,
416 3850 447 3889 re
470 3842 621 3891 transacta
641 3850 759 3909 parvum
781 3830 921 3892 lucellum
938 3830 1029 3901 malit,
1042 3832 1200 3910 prasertim
1213 3831 1329 3911 legibus

232 3940 295 3981 eam
310 3924 423 3983 obrem
438 3944 538 4005 poenas
556 3923 689 3993 daturus,
703 3944 772 3981 oum
785 3922 896 3994 liceret,
911 3922 990 4001 quod
1013 3921 1102 3982 modo
1123 3921 1268 3995 dicebam,
1282 3944 1330 3985 se·
1418 3982 1425 3994 ,

232 4014 348 4076 missam
369 4016 559 4077 indicaturum
581 4036 677 4076 rerum
700 4016 856 4095 accipere?
878 4016 982 4085 Nemo,
1006 4034 1103 4087 nemo,
1125 4014 1257 4095 inquam,
1271 4018 1328 4078 Ju-

232 4104 324 4180 dices,
338 4110 388 4189 qui
403 4130 435 4171 se
448 4108 688 4170 calumniatorem
703 4128 789 4189 agere
803 4128 862 4169 non
875 4116 1056 4187 compertum
1067 4108 1198 4169 haberet.

194 4194 198 4199 ’
271 4202 301 4257 4.
323 4200 399 4262 Dure
413 4204 502 4283 igitur
513 4204 560 4262 hae
573 4203 654 4281 leges
673 4211 754 4272 sunt,
767 4222 842 4279 quas
866 4200 931 4272 iste,
952 4200 1125 4261 violatarum
1139 4201 1239 4281 legum
1252 4203 1327 4265 alios

232 4310 297 4351 reos
312 4311 398 4371 agere
411 4292 525 4367 solitus,
538 4294 667 4355 violavit.
708 4292 815 4353 Restat
836 4304 868 4352 et
890 4294 984 4364 tertia,
1002 4313 1069 4373 quse
1085 4312 1170 4373 mque
1184 4294 1282 4374 jubet,
1296 4307 1329 4357 et

232 4380 350 4443 erarios
373 4402 392 4443 a
413 4386 515 4465 quovis
531 4386 636 4447 civium
657 4384 774 4458 deferri,
789 4376 820 4445 ot
837 4384 861 4445 si
885 4386 950 4465 quis
973 4384 1116 4446 Minerva
1137 4385 1256 4461 debeat,
1275 4400 1328 4448 aut

231 4486 391 4537 ceterorum
406 4476 526 4537 deorum
542 4488 593 4537 aut
611 4464 732 4540 lieroum
751 4476 847 4542 alicui.
889 4476 1007 4539 Debere
1029 4489 1126 4539 autem
1139 4477 1195 4540 iste
1208 4500 1326 4559 compe·
