2967 5017
275 322 335 382 816
578 319 766 382 uxonmlt
786 317 1049 382 conctottmt

276 471 867 554 siquaopiuiosiuistssnostraquemlse
885 470 1251 554 ludigusmlqedenolris
1269 471 1358 534 ardre

272 565 377 626 riutrm
418 565 522 646 Inque
534 585 602 628 cum
614 575 695 628 recte
707 567 850 641 endem,
863 567 1051 647 reliquaque
1065 583 1132 626 cum
1144 564 1201 626 hac
1214 565 1361 627 muntia

277 658 462 719 contendent
484 660 582 721 studio
600 664 661 718 don
676 657 801 733 habetis,
814 659 867 720 scd
881 659 1003 720 subinde
1015 659 1054 720 sd
1067 677 1103 718 eu
1114 657 1251 718 fam'ends
1275 656 1361 720 indu·

276 749 387 822 cimini,
394 769 459 828 que
471 761 502 811 et
513 751 570 831 ipsi
582 750 678 811 miuus
694 768 762 810 esse
782 761 862 812 reeta
873 751 1029 812 fatesmini.
1071 751 1244 828 Quanquam
1261 757 1360 809 auteur

275 851 454 920 compertum
466 842 571 915 habeo,
584 841 750 902 laudatores
763 843 897 902 omuibus
917 861 980 903 esse
990 840 1178 920 jucundiores
1190 859 1279 921 quam
1297 859 1360 901 mo-

276 931 395 1002 nitores,
408 951 468 992 uon
480 943 579 993 tamen
591 951 642 993 eas
653 930 811 992 blanditias
823 934 865 994 ita
878 933 1054 1012 expetendas
1072 953 1137 993 esse
1157 933 1228 992 mihi
1239 949 1359 1004 censeo,

276 1022 381 1082 utalia
399 1042 488 1101 quam
509 1043 576 1102 quse
588 1023 727 1102 prodesse
740 1023 820 1084 robis
835 1043 1004 1103 persuasum
1017 1025 1113 1086 habeo
1123 1025 1229 1086 dicam.
1270 1023 1359 1093 Quod

277 1115 302 1175 si
314 1115 454 1194 principio
469 1126 549 1176 recte
561 1115 715 1190 sentiretis,
727 1114 798 1176 nihil
813 1116 925 1196 publice
937 1115 1101 1178 faciendum
1118 1127 1190 1188 erat
1205 1116 1283 1196 quud
1300 1116 1358 1196 pri·

275 1208 365 1268 vatim
377 1207 635 1286 reprehenderetis,
650 1228 686 1268 ue
699 1206 740 1278 id,
752 1207 832 1285 quod
845 1227 924 1269 nunc
937 1209 979 1280 fit,
994 1207 1176 1268 usuveniret:
1198 1219 1231 1265 ut
1244 1205 1282 1266 de
1294 1209 1359 1285 qui-

275 1298 332 1358 bus
365 1300 487 1379 quisque
518 1300 643 1369 dictitat,
670 1316 781 1379 quam
808 1308 845 1359 et
877 1300 1005 1380 turpis
1038 1299 1118 1358 heac
1152 1309 1190 1359 et
1217 1299 1358 1360 acerba

274 1401 383 1464 aunt,
405 1402 445 1464 et,
471 1411 683 1471 quousque
718 1389 875 1449 taudem
908 1391 986 1451 haec
1020 1389 1358 1469 progredientur?

273 1482 327 1544 ilia
338 1485 403 1563 ipsa
414 1485 445 1544 in
458 1503 598 1544 consessu
618 1483 738 1561 quisque
756 1482 818 1560 ipse
839 1493 869 1543 et
889 1485 1022 1562 probaret
1037 1493 1067 1542 et
1080 1483 1198 1543 faceret.
1239 1483 1285 1543 Ac
1298 1479 1358 1542 rel·

275 1575 333 1636 lem
345 1575 490 1653 equidem,
507 1574 750 1654 quemadmodum
769 1574 830 1633 scio
849 1593 866 1633 e
883 1593 915 1634 re
934 1584 1033 1636 vestra
1049 1593 1117 1635 esse
1138 1584 1171 1634 ut
1191 1573 1301 1652 optime
1313 1573 1356 1632 di·

273 1677 391 1726 centem
404 1667 539 1738 audiatis,
554 1668 596 1728 sic
617 1666 691 1728 scire
712 1684 759 1725 me
780 1664 878 1725 itidem
896 1665 1006 1745 optima
1024 1665 1131 1726 dleenti
1144 1683 1209 1724 esse
1222 1663 1356 1744 profutu-

273 1777 347 1819 rum.
381 1759 478 1819 Multo
489 1759 567 1820 enim
580 1759 717 1820 libentius
730 1758 819 1818 verba
831 1757 966 1818 lacerem.
998 1757 1086 1817 Nunc
1100 1755 1235 1835 equidem
1247 1767 1356 1827 metuo,

274 1852 329 1912 sed
341 1861 439 1911 umen
452 1871 566 1929 eaquae
579 1853 695 1913 confido
705 1849 789 1911 utilia
797 1850 892 1911 risum
905 1851 949 1924 iri,
958 1847 1072 1912 etIamsi
1086 1867 1137 1910 sos
1150 1865 1208 1908 nou
1221 1849 1356 1928 pereatis,

272 1952 372 2004 umen
386 1942 514 2023 proferre
527 1961 587 2003 non
597 1947 725 2004 uerebor.

761 2113 874 2174 xx111.

186 2305 194 2318 ι
315 2237 379 2297 Etsi
400 2238 476 2318 quis,
489 2239 688 2314 Athenienses,
700 2241 752 2320 qui
766 2243 874 2302 nullam
890 2243 975 2301 aliam
989 2258 1106 2299 causum
1120 2239 1197 2318 prius
1212 2238 1292 2318 apud
1306 2255 1355 2298 vor

271 2331 392 2407 egisset,
406 2350 484 2390 nunc
497 2331 534 2390 de
547 2332 712 2393 culminibus
726 2353 793 2410 quae
807 2333 894 2412 legati
908 2345 1014 2392 nostrae
1028 2331 1091 2390 urbi
1106 2331 1180 2390 falso
1193 2331 1357 2412 impingunt

271 2421 362 2494 dicat,
375 2423 401 2480 ei
415 2433 493 2482 esset
504 2423 606 2502 opinor
620 2425 657 2483 ab
671 2425 804 2484 omnibus
818 2424 1038 2504 ignoscendum.
1062 2423 1138 2482 Num
1152 2421 1216 2482 aliis
1230 2423 1260 2482 in
1272 2425 1355 2484 rebus

270 2515 351 2575 uinci
363 2515 400 2575 ab
422 2515 603 2589 adversariis,
616 2537 675 2576 uon
693 2527 754 2577 tum
776 2518 899 2578 fumasse
918 2516 1005 2596 culpa
1027 2535 1114 2596 quam
1137 2513 1287 2574 calamitas
1300 2513 1357 2574 dIci

271 2618 380 2686 queat:
401 2609 508 2688 quippe
521 2628 587 2668 cum
601 2620 631 2670 et
643 2611 673 2670 iu
685 2609 802 2670 fortuna
814 2623 843 2670 et
862 2609 1003 2690 praefectis
1017 2620 1047 2668 et
1060 2607 1157 2666 multis
1170 2605 1235 2666 aliis
1250 2605 1358 2685 aliquid

271 2700 361 2759 situm
381 2700 467 2760 fuerit
479 2721 531 2761 cur
549 2701 626 2779 prius
639 2721 684 2762 res
697 2703 744 2762 vel
757 2705 832 2763 bene
846 2693 892 2762 v'el
905 2702 981 2762 mule
993 2709 1153 2780 gereretur.
1194 2697 1254 2758 Sed
1269 2697 1299 2756 in
1313 2697 1357 2758 sui

270 2791 440 2852 defensione
454 2812 506 2873 pro
520 2793 661 2872 dignitate
680 2795 784 2854 veteris
798 2793 897 2874 glorias
912 2814 971 2852 non
992 2811 1078 2872 posse
1100 2791 1188 2850 verbs
1206 2790 1312 2862 facere,
1326 2790 1357 2851 id

270 2882 332 2942 fieri
354 2884 442 2964 culpa
464 2883 572 2964 ingenii
592 2904 690 2944 eorum
714 2886 819 2965 quibus
838 2884 868 2943 id
881 2883 976 2944 evenit
988 2883 1176 2942 inveniemus.
1218 2881 1308 2949 Quod
1332 2885 1357 2942 si

269 2975 320 3034 alii
332 2986 432 3036 essent
448 2977 527 3058 apud
549 2997 624 3055 quos
637 2979 726 3036 uerba
741 2977 779 3036 de
792 2977 882 3054 vobis,
893 2977 1006 3046 fierent,
1020 2995 1116 3054 neque
1128 2973 1177 3033 isti
1190 2983 1250 3032 tarn
1265 2975 1356 3034 conli-

272 3067 375 3127 denter
388 3070 504 3129 mentiti
521 3078 629 3140 essent,
641 3069 752 3146 opinor,
767 3087 862 3146 neque
877 3067 1023 3127 auditores
1038 3065 1129 3125 multa
1142 3064 1221 3124 dicta
1234 3064 1356 3124 istorum

271 3159 422 3219 tulissent:
444 3179 523 3220 nuuc
547 3169 578 3218 et
598 3159 711 3218 caeteris
732 3159 763 3217 in
782 3159 868 3218 rebus
891 3159 938 3218 alii
953 3168 1048 3218 vestra
1061 3158 1198 3217 facilitate
1221 3156 1357 3217 fruuntur

270 3267 382 3322 omnes,
401 3261 434 3310 et
454 3251 484 3311 iu
507 3251 566 3310 hoc
587 3248 633 3310 isti
652 3250 769 3330 negotio
789 3270 867 3310 nuuc
888 3250 934 3310 vel
958 3250 989 3309 in
1011 3251 1118 3331 primis.
1160 3248 1259 3308 Tanta
1278 3250 1355 3308 anim

269 3341 408 3420 equitate
431 3351 591 3403 vestrarum
614 3343 725 3403 aurium
747 3352 847 3403 contra
859 3361 911 3402 vos
933 3351 1002 3400 sunt
1015 3343 1068 3411 usi,
1089 3351 1197 3421 quantu
1209 3340 1279 3400 satis
1294 3340 1356 3400 scio

267 3433 414 3492 nullorum
429 3433 551 3494 aliorum
575 3435 616 3494 uti
635 3434 809 3514 potuissent.
850 3433 923 3494 Mihi
941 3443 1038 3493 autem
1053 3452 1169 3512 aequum
1190 3431 1303 3491 videtur
1322 3441 1357 3491 ut

269 3535 423 3607 propterea
435 3548 487 3588 sos
509 3537 540 3588 et
558 3528 613 3588 diis
632 3529 754 3608 gratim
771 3527 912 3602 habeatis,
927 3527 1132 3598 Athenienses,
1147 3536 1177 3586 et
1194 3527 1265 3586 Istos
1284 3525 1355 3585 ode-

268 3619 339 3679 ritis.
380 3621 456 3680 Nam
471 3621 550 3700 quod
564 3621 745 3682 Rhodiorum
760 3621 907 3700 populum,
921 3622 969 3701 qui
984 3620 1139 3700 aliquando
1154 3637 1253 3680 coram
1262 3619 1355 3680 multo

267 3711 444 3790 petulantius
463 3713 493 3772 in
516 3733 567 3775 vos
590 3715 722 3774 invectus
750 3713 852 3786 fuerat,
874 3716 955 3773 vobis
977 3715 1137 3794 supplicem
1160 3731 1223 3774 esse
1245 3711 1354 3772 factum

265 3804 403 3879 vidimus,
416 3807 446 3867 id
459 3825 516 3885 ego
531 3817 637 3866 nostrae
649 3806 728 3866 urbis
749 3805 881 3866 felicitati
894 3805 997 3866 tribuo.
1038 3805 1126 3875 Quod
1146 3815 1244 3864 autam
1259 3804 1356 3864 stolidi

265 3895 314 3956 isti
327 3899 492 3977 usquehuc
505 3899 699 3969 considerant,
712 3916 779 3956 cum
797 3897 827 3956 id
848 3898 891 3957 ite
902 3897 999 3976 palam
1012 3917 1131 3958 cernere
1146 3896 1241 3968 lleeet,
1258 3913 1353 3975 neque

264 3986 337 4048 illud
351 3992 439 4050 etiam
458 3991 537 4070 quod
558 4009 611 4051 vos
629 4006 832 4068 sepenumero
851 3989 982 4068 singulos
1006 3989 1127 4050 istorum
1151 3988 1355 4060 conservastis,

265 4090 298 4140 et
311 4083 341 4139 iu
353 4101 454 4142 eorum
474 4083 634 4143 temeritate
647 4091 736 4160 atque
750 4080 927 4160 infelicitate,
940 4081 1053 4160 quoties
1064 4089 1168 4160 suapte
1181 4079 1355 4140 auctoritate

267 4173 345 4235 bella
358 4188 556 4257 susceperant,
570 4173 742 4254 corrigenda
760 4172 826 4252 plus
848 4173 957 4252 negotii
970 4172 1123 4244 nebulatis,
1144 4191 1232 4251 quem
1250 4171 1354 4231 vestris

265 4267 394 4346 ipsorum
406 4271 492 4329 rebus
506 4267 638 4350 agendis,
652 4266 683 4325 id
706 4284 757 4326 uos
772 4284 836 4326 meu
859 4264 977 4343 quidem
996 4263 1132 4344 opimone
1146 4263 1185 4323 ad
1205 4263 1353 4342 ingentem

264 4358 441 4419 iracundiam
454 4368 642 4422 commoveat.
683 4356 744 4418 Sed
764 4356 834 4437 quid
854 4355 946 4436 agari
966 4356 1030 4416 Istis
1051 4355 1177 4415 fumasse
1198 4353 1287 4414 fatale
1308 4363 1354 4413 est

266 4469 415 4530 nunquam
427 4451 457 4510 iu
470 4452 606 4513 emundis
620 4453 707 4513 rebus
720 4467 843 4530 sapere:
864 4448 946 4510 nobis
964 4459 1062 4510 autem
1080 4466 1146 4508 cum
1159 4456 1277 4528 propter
1299 4465 1352 4504 uos
