2967 5017
555 325 773 389 EPiSTOLAE.
1147 325 1205 384 837

117 494 186 552 tuas
197 495 254 558 est,
266 485 385 546 formos
394 482 499 562 querit
508 483 622 564 aliquos
631 482 738 563 quibos
752 480 839 544 adsit.
881 479 905 540 Ii
918 499 971 542 vos
989 499 1056 542 esse
1076 479 1205 549 debetis:

116 591 149 642 et
159 581 251 642 duces
264 599 317 660 per
330 598 405 658 quos
419 578 480 658 geri
499 598 620 640 necesse
633 589 680 638 est
700 596 788 656 qoam
802 577 1092 638 beoevdentissimos
1116 575 1207 655 copiis

19 742 20 745 Ἴ
116 674 284 752 preficere:
304 672 441 750 quodque
463 671 662 750 unusquisque
681 679 806 730 vestrum
829 669 924 730 iacere
942 670 1050 749 poterit
1070 678 1100 728 et
1119 668 1207 740 volet,

116 763 147 822 id
160 764 200 824 ad
213 763 343 844 scipsum
357 763 435 823 dicat
448 772 479 823 et
490 764 649 846 promittat,
664 774 825 841 caveatque
844 783 879 822 ne
893 763 986 836 fallat,
1000 783 1096 842 neque
1119 762 1208 842 tergi-

117 857 252 917 versandi
266 857 360 936 gratia
373 855 428 916 sibi
442 857 512 918 data
534 875 599 919 esse
611 858 709 926 verba,
720 877 779 916 non
792 877 963 936 persuasum
978 877 1052 928 esse,
1063 866 1207 917 causetur.

118 946 265 1028 Quicquid
275 951 352 1010 enim
362 949 621 1027 vosnegicseritis,
630 949 660 1007 id
674 949 723 1026 qui
733 948 871 1009 resarciat
884 935 1027 1008 neminem
1040 949 1208 1008 invenietis:

116 1060 213 1118 neque
227 1043 304 1101 idem
315 1041 478 1120 periculum
493 1053 537 1102 est
549 1042 579 1100 in
593 1040 628 1098 iis
642 1041 737 1110 rebus,
755 1060 828 1118 quas
842 1051 903 1100 tum
917 1061 985 1100 cum
1004 1040 1108 1099 voletis
1121 1059 1209 1118 agere

115 1133 225 1205 licebit,
246 1135 368 1195 consilia
391 1153 470 1214 ssepe
490 1143 612 1205 mutare,
625 1140 657 1190 et
681 1132 711 1190 in
735 1131 770 1192 iis
795 1141 910 1212 propter
931 1153 1005 1210 quas
1026 1133 1136 1192 bellum
1157 1132 1211 1192 erit

117 1226 287 1304 gerendum,
301 1227 398 1286 sedin
412 1225 577 1306 hujusmodi
591 1226 677 1284 rebus
691 1226 841 1284 sentemiae
859 1226 982 1284 mutatio
996 1241 1054 1284 nou
1070 1235 1116 1285 est
1131 1226 1210 1286 aiiud

116 1335 203 1394 quam
217 1318 330 1378 consilii
344 1328 375 1377 et
388 1317 512 1377 instituti
533 1316 642 1377 clades.
686 1315 732 1374 Ne
747 1337 815 1377 vero
836 1317 894 1376 tale
911 1317 1056 1396 quippiam
1078 1319 1209 1378 commit·

117 1409 181 1481 tite,
195 1410 259 1481 ssd,
272 1409 411 1490 quicquid
433 1411 526 1468 acturi
548 1409 629 1481 estis,
644 1410 675 1470 id
696 1411 844 1488 generosis
865 1421 896 1470 et
915 1409 1024 1490 paratis
1038 1409 1145 1468 animis
1156 1409 1208 1468 dc·

117 1503 247 1569 cerniter
268 1512 299 1560 et
309 1502 359 1560 ubi
372 1501 463 1560 semel
477 1501 673 1579 decreveritis,
688 1502 778 1562 ductu
792 1514 822 1563 et
835 1502 970 1582 auspiciis
984 1512 1045 1561 tum
1068 1501 1211 1560 Dodonaei

117 1593 202 1652 doris
217 1602 279 1650 tom
292 1591 468 1668 reliquorum
480 1592 612 1664 deorum,
625 1592 676 1669 qui
693 1593 785 1652 multa
796 1593 879 1651 vobis
893 1601 923 1651 et
937 1592 1074 1672 praeclara
1091 1601 1121 1649 et
1134 1593 1211 1652 bona

117 1695 151 1742 et
173 1701 244 1742 vers
266 1680 386 1742 oracula
406 1682 605 1754 reddiderunt,
619 1681 793 1760 illorumque
816 1703 871 1762 ope
894 1684 1057 1762 implorata,
1077 1683 1211 1762 votisque

117 1793 176 1853 pro
201 1773 322 1833 victoria
344 1773 380 1832 iia
407 1774 538 1832 omnibus
571 1773 758 1852 nuncupatis,
784 1775 925 1851 adjutrice
950 1775 1067 1836 fortuna
1089 1773 1212 1855 propitia

117 1866 285 1928 libertatem
298 1865 413 1927 Graecis
425 1864 579 1926 restituite.
620 1865 736 1927 valete.

474 2161 868 2176 m*

649 2335 690 2396 11.

383 2515 464 2590 DE
506 2516 630 2591 SUO
674 2515 940 2590 REDITU.

243 2889 550 2951 DEMOSTHENES
574 2892 758 2954 SENATUI
781 2895 1032 2964 POPULOQUE
1053 2895 1087 2954 S.

162 3069 404 3130 Exrsrrussau
417 3077 472 3151 pro
486 3072 559 3133 meis
579 3075 609 3134 in
624 3074 846 3153 Rempublicam
861 3076 981 3147 meritis,
995 3094 1042 3135 me
1057 3094 1114 3133 non
1129 3073 1216 3135 modo

121 3162 268 3224 meantem
278 3183 337 3223 non
350 3166 392 3224 ita
404 3174 561 3225 tractatum
576 3167 620 3240 iri,
640 3167 694 3227 sed
712 3167 902 3228 mediocrium
916 3171 1002 3228 etiam
1018 3177 1216 3247 peccatorum,

121 3257 251 3334 siquam
271 3258 346 3317 forte
367 3258 483 3336 culpam
504 3261 725 3334 contraxissem,
742 3262 858 3322 veniam
875 3263 1104 3341 impetraturum.
1132 3261 1219 3320 Post·

122 3367 213 3428 qnam
227 3367 296 3409 vero
308 3349 350 3410 ita
371 3351 488 3424 accidit,
501 3353 572 3412 dum
592 3353 725 3413 videbam
740 3355 864 3427 avobis,
879 3355 967 3416 nuliis
989 3353 1153 3414 criminibus
1168 3373 1220 3432 per

122 3451 258 3502 senatum
279 3452 378 3522 aperte
396 3443 600 3506 demonstratis
621 3456 652 3505 et
672 3447 815 3525 probatis,
829 3465 866 3506 ex
880 3447 1000 3508 istorum
1020 3447 1131 3506 arcanis
1146 3465 1218 3506 con-

122 3534 194 3595 siiiis
216 3534 406 3595 condemnari
428 3556 537 3608 omnes,
558 3557 617 3596 non
635 3538 730 3598 minus
745 3557 798 3598 vos
821 3539 858 3598 de
871 3549 968 3599 vestro
978 3537 1043 3617 jure
1057 3537 1219 3597 concedere

122 3645 212 3706 quam
234 3647 281 3687 me
299 3628 427 3688 fraudari
440 3629 619 3702 existimans,
632 3630 786 3690 ferendum
805 3651 891 3711 aquo
904 3651 970 3690 csse
987 3631 1083 3690 animo
1097 3628 1218 3708 putavit

122 3739 192 3780 nam
205 3719 241 3779 iis
256 3721 390 3781 assentiri
400 3720 515 3801 juratos
525 3723 651 3802 judices,
666 3743 733 3802 quse
746 3734 864 3784 senatus
887 3724 948 3783 siue
968 3723 1030 3782 ulia
1048 3721 1219 3801 probatione

123 3813 283 3886 affirmarit,
296 3813 334 3873 de
348 3815 516 3893 reipublice
529 3815 596 3894 jure
618 3817 782 3876 concedere
804 3817 869 3875 suit.
911 3815 989 3884 Quia
1001 3834 1070 3875 vero
1080 3817 1142 3893 jam
1165 3833 1219 3892 pro

122 3915 220 3966 sesua
230 3906 390 3985 prudentia
401 3927 468 3966 eum
481 3908 684 3987 principatum,
698 3929 786 3988 quem
799 3909 829 3968 in
844 3918 949 3969 senatu
968 3909 1085 3987 quidam
1100 3909 1153 3966 sibi
1167 3927 1220 3987 pa·

123 4015 188 4058 rare
201 4000 395 4071 conabantur,
410 3999 661 4073 animadvertistis,
675 4012 706 4062 et
718 4002 749 4060 in
758 4001 925 4078 judicandis
938 4001 1035 4061 causis
1049 4011 1222 4079 argumenta

123 4093 672 4174 spectastis,istommquearcanadigns
678 4115 741 4155 esse
748 4096 972 4175 reprehensione
978 4093 1221 4174 deprehendistis,

124 4182 228 4244 decere
240 4204 359 4257 censeo,
374 4187 398 4245 si
420 4187 538 4265 quidem
554 4185 587 4245 id
611 4196 709 4247 vestra
726 4187 814 4246 etiam
831 4187 967 4247 voluntas
988 4187 1072 4257 ieret,
1087 4205 1222 4265 mequo-

125 4295 181 4354 que
194 4277 236 4337 ita
249 4278 363 4338 restitui
376 4279 405 4337 in
419 4278 573 4358 integrum,
587 4290 623 4339 ut
634 4280 653 4339 ii
675 4280 800 4340 restituti
816 4291 885 4340 sunt
897 4281 948 4360 qui
961 4279 991 4338 in
1006 4278 1090 4338 sirnili
1102 4279 1221 4339 crimine

123 4368 253 4443 fuerunt,
267 4391 306 4430 ne
319 4372 400 4431 solus
416 4393 472 4451 ego
484 4372 592 4432 salsum
605 4376 644 4433 ob
657 4374 766 4434 crimen
784 4373 879 4454 patria
893 4373 1083 4453 fortunisque,
1103 4384 1134 4433 et
1151 4394 1222 4434 con-

121 4459 370 4537 junctissimorom
393 4464 604 4526 consuetudine
630 4485 758 4526 caream.
801 4466 873 4526 Jure
898 4477 993 4528 autem
1017 4466 1108 4538 vobis,
1131 4465 1223 4524 Atha·
