2967 5017
528 835 599 910 ro
635 807 1136 914 nanacueonorrnm

709 1045 714 1052 ι
775 1034 872 1050 β

453 1143 772 1242 pEMOSTHENEs
793 1143 1136 1211 HERACLEODORO
1160 1143 1191 1203 S.
1316 1191 1319 1196 .

316 1327 400 1396 Quas
413 1327 481 1388 mihi
495 1328 681 1392 Menecrates
699 1327 858 1400 nunciavit,
872 1329 908 1390 iis
924 1349 983 1409 ego
998 1347 1055 1390 neo
1065 1321 1298 1390 tribuere-iidem
1309 1343 1369 1384 nec

275 1423 416 1499 abrogare
440 1441 569 1504 possum.
610 1423 693 1482 Dixit
717 1423 793 1482 enim
814 1421 972 1502 Epitimnm
985 1423 1022 1480 ab
1040 1420 1132 1479 Arato
1145 1427 1176 1478 et
1187 1415 1318 1480 delatum
1336 1426 1371 1476 et

275 1513 436 1572 abductum
453 1533 518 1574 esse
532 1513 561 1573 in
575 1534 731 1587 carcerem,
746 1525 775 1574 te
788 1533 856 1574 vero
874 1531 994 1574 causam
1008 1531 1096 1592 agere
1109 1521 1138 1572 et
1157 1508 1286 1572 omnium
1299 1527 1371 1570 esse
1466 1571 1467 1586 ἢ

276 1606 449 1665 acerrimum
463 1603 527 1685 ejus
541 1605 665 1668 bostem.
705 1603 747 1667 Te
768 1607 856 1688 igitur
869 1623 921 1686 per
935 1602 1039 1668 Jorern
1053 1602 1236 1683 Hospitalem
1249 1620 1371 1662 omnes·
1466 1611 1467 1646 l

276 1717 335 1777 (ΨΘ
359 1696 432 1758 de0⁸
456 1698 595 1771 obtestor,
608 1719 646 1759 ne
669 1718 758 1779 quam
781 1698 851 1760 mihi
875 1697 1034 1760 molestiam
1055 1695 1238 1758 et·dolorem
1260 1693 1370 1774 parim.
1466 1669 1467 1712 t

278 1787 477 1870 Praeterquam
501 1792 578 1852 enim
600 1791 679 1870 quod
703 1791 821 1872 Epitimi
842 1789 922 1852 salus
942 1787 1012 1851 mihi
1029 1809 1107 1850 curae
1121 1799 1176 1862 eat,
1189 1797 1219 1847 et
1239 1787 1371 1866 quodsi
1466 1839 1467 1856 .

277 1880 349 1959 quid
362 1882 389 1940 ei
404 1881 551 1943 accideret
574 1902 712 1964 magnum
731 1883 876 1965 mihiipsi
898 1883 1008 1944 malum
1029 1881 1091 1941 dari
1111 1879 1267 1951 videretur,
1280 1889 1372 1958 unque

275 1973 340 2052 ejus
354 1973 527 2036 calamitatis
541 1987 643 2037 auctor
655 1978 683 2036 ei
695 1997 785 2049 esses,
799 1978 922 2058 puderet
941 1995 988 2035 me
1002 1975 1098 2034 etiam
1116 1991 1214 2034 eornm
1234 1973 1371 2054 qni-con·

277 2065 331 2126 scii
345 2076 425 2137 sunt,
439 2068 509 2145 quid
523 2069 559 2128 ad
575 2089 677 2130 omnes
697 2069 830 2131 homines
845 2069 882 2129 de
905 2078 933 2128 te
950 2067 1083 2138 dixerim,
1102 2065 1229 2127 conlisus
1242 2083 1289 2126 me
1303 2085 1373 2126 sera

276 2160 367 2238 loqui,
381 2180 411 2220 re
433 2179 493 2220 non
516 2161 635 2242 quidem
659 2184 675 2221 e
697 2161 888 2223 familiaribus
908 2159 1114 2239 congressibus
1135 2157 1373 2236 compertussd
1466 2213 1467 2234 ,

276 2251 356 2332 quod
379 2259 409 2311 te
434 2262 466 2312 ct
486 2243 661 2313 auctoritate
683 2251 837 2332 praeditum
859 2264 890 2312 et
908 2252 1101 2312 eruditionem
1125 2248 1290 2329 amplexum
1305 2268 1372 2313 aete
1466 2279 1467 2340 ζ

279 2345 423 2416 ridebam,
436 2334 502 2403 eam
516 2333 676 2422 presertim
690 2363 757 2420 quae
770 2343 801 2402 in
814 2343 917 2404 schola
930 2341 1062 2402 Platonis
1084 2341 1218 2416 meditor,
1230 2361 1297 2421 qnae
1309 2361 1373 2404 om·
1466 2343 1467 2368 ¹

278 2437 350 2497 nino
370 2436 409 2493 ab
423 2435 544 2494 avaritia
561 2443 592 2491 et
611 2432 750 2492 violentia
768 2436 940 2508 caeterisque
954 2430 1069 2492 callidis
1083 2435 1213 2509 aucupiis
1226 2435 1374 2506 abhorret,
1466 2469 1467 2484 .

278 2527 319 2588 ed
332 2541 477 2584 summam
503 2532 600 2584 antem
619 2523 780 2585 bonitatem
794 2533 826 2584 et
841 2521 985 2606 justitiam
1000 2523 1098 2584 omnia
1117 2522 1308 2606 referarque
1319 2527 1373 2590 dus
1466 2601 1467 2606 γ

279 2618 373 2680 ctrina
387 2615 438 2695 qui
450 2614 581 2676 eruditus
594 2626 650 2688 est,
669 2614 748 2690 huic,
763 2616 805 2676 ita
822 2635 869 2677 me
893 2615 933 2676 dii
951 2625 1060 2688 ament,
1074 2634 1134 2676 non
1151 2615 1249 2678 colere
1262 2615 1374 2700 simpli.

279 2732 344 2772 cem
357 2697 506 2770 veritatem
521 2719 551 2768 et
564 2708 596 2768 in
609 2727 712 2770 omnes
726 2729 793 2770 esee
814 2707 947 2772 benefico
971 2707 1054 2768 nelos
1077 2727 1143 2772 esse
1162 2706 1258 2770 duco.
1293 2713 1374 2778 Quin

276 2801 352 2865 illud
364 2796 453 2864 etiam
470 2801 706 2892 molestissimum
721 2801 791 2862 mibi
805 2812 899 2863 esset:
922 2801 947 2861 si
960 2819 1068 2880 magno
1080 2801 1290 2866 benevolentias
1302 2825 1376 2887 erga

280 2906 310 2956 te
323 2894 407 2976 quasi
425 2894 536 2975 impetu
550 2893 725 2974 concitatus,
738 2903 851 2955 mutare
874 2893 1048 2956 sententiam
1069 2913 1104 2957 ac
1126 2893 1235 2956 slio'in
1255 2908 1285 2958 te
1308 2917 1375 2960 esse

280 2989 378 3051 animo
391 3005 521 3066 cogerer,
534 2985 640 3065 quibus
654 2986 742 3065 igitur
762 2985 792 3046 in
812 2988 898 3047 rebus
921 3007 968 3047 me
980 2987 1150 3068 despectum
1163 2999 1194 3048 et
1207 2989 1375 3070 neglectum
1466 2979 1467 2994 ¹

280 3098 346 3148 esse·
365 3091 477 3160 putem,
500 3079 555 3140 etsi
579 3099 639 3138 non
662 3078 772 3150 dixero,
787 3097 838 3138 eas
862 3089 960 3140 tamen
981 3079 1025 3140 ita·
1041 3097 1073 3140 se
1094 3078 1241 3141 habituras
1260 3091 1375 3162 putato.
1466 3101 1467 3146 1

281 3170 370 3250 Quod
383 3174 409 3232 si
421 3190 477 3231 nos
496 3171 564 3230 ideo
583 3171 755 3244 contemnis,
777 3171 856 3251 quod
870 3171 1003 3232 nondum
1022 3191 1038 3233 e
1059 3171 1238 3254 principibus
1262 3194 1376 3252 sumum

282 3265 393 3344 cogite,
406 3274 435 3323 te
456 3281 572 3342 quoque
599 3262 668 3322 olim
696 3263 912 3326 adolescentem
931 3275 962 3325 et
979 3283 1016 3325 ea
1035 3284 1094 3346 qun
1107 3285 1161 3326 nos
1180 3274 1266 3326 etate
1285 3269 1375 3328 modo

281 3375 384 3417 sumus
397 3354 499 3424 fuisse,
514 3364 545 3413 et
558 3354 687 3416 consiliis
702 3366 789 3436 atque
800 3357 964 3418 actionibus
977 3357 1034 3417 tuis
1049 3357 1214 3418 adtentum
1227 3356 1376 3440 fastigium

282 3446 485 3509 adscendisse.
526 3445 561 3506 ld
575 3447 653 3527 quod
667 3450 752 3511 nobis
766 3449 850 3510 etiam
862 3450 1030 3529 contingere
1043 3450 1157 3530 poterit.
1199 3449 1276 3510 Nam
1294 3462 1377 3513 recta

280 3539 399 3621 quidem
412 3538 549 3601 voluntas
569 3537 665 3618 adest,
679 3541 727 3600 cui
747 3543 771 3600 si
793 3543 917 3602 fortunae
940 3542 1104 3624 benignitas
1124 3541 1309 3624 suffragetur,
1329 3565 1376 3606 res

281 3635 348 3714 ipsa
359 3632 465 3694 confici
478 3642 576 3712 queat.
617 3631 698 3692 Nihil
712 3645 809 3695 autem
823 3634 925 3695 melius
947 3635 1085 3697 collocari
1106 3645 1205 3714 potest
1222 3647 1301 3695 recte
1324 3638 1375 3697 tri-

281 3729 355 3788 buto
367 3723 481 3794 offici03
501 3725 582 3806 quod
603 3735 634 3785 et
653 3735 686 3785 tu
699 3727 787 3788 nobis
801 3738 939 3807 proestare
953 3725 1041 3787 debes
1053 3747 1062 3786 ε
1082 3747 1177 3806 neque
1189 3727 1226 3786 ab
1239 3725 1301 3788 ullo
1314 3747 1375 3788 νω-

283 3819 373 3880 corde
387 3817 435 3878 rel
448 3816 553 3878 abduci
565 3815 596 3876 in
612 3815 742 3878 deterius
756 3819 803 3879 vel
816 3820 892 3880 vinci
914 3818 996 3890 velis,
1009 3818 1062 3880 sed
1082 3817 1148 3878 illos
1169 3827 1231 3880 tute
1250 3819 1281 3879 in
1293 3828 1375 3879 tuam

283 3913 435 3994 perducito
449 3911 643 3971 sententiam:
665 3911 761 3990 itaque
781 3923 810 3972 te
824 3913 917 3992 gerite
931 3923 964 3971 ut
978 3933 1015 3971 ne
1034 3899 1134 3993 quide
1148 3911 1242 3992 pactis
1253 3923 1285 3971 et
1302 3931 1375 3972 oon-

283 4005 378 4066 rentis
390 4003 496 4064 noenia
510 4003 800 4084 desideratamque
812 4005 954 4084 Epitirnus
969 4004 1101 4084 periculis
1110 4005 1247 4084 eripiatur
1259 4014 1291 4065 et
1302 4003 1375 4066 libc-

282 4108 372 4157 retur.
413 4096 511 4156 Adero
524 4105 623 4156 antem
634 4105 666 4155 et
677 4097 740 4176 ipse
754 4116 789 4157 eo
800 4105 938 4176 tempore,
951 4096 1031 4175 quod
1046 4107 1077 4155 tu
1090 4095 1296 4176 tempestivum
1309 4116 1374 4158 esse

284 4191 403 4253 dixeris.
445 4190 480 4249 ld
493 4189 582 4270 igitar
594 4188 664 4250 mihi
676 4209 726 4268 per
739 4191 838 4252 literas
853 4189 993 4270 significa,
1008 4189 1055 4251 vel
1074 4188 1163 4252 ctiam
1180 4209 1235 4270 pro
1248 4189 1375 4252 amicitia

286 4286 404 4361 impera.
445 4281 528 4348 Vale.
