2967 5017
376 280 610 345 ‚inversus
628 280 937 377 uiuosresrusr.
1053 241 1056 248 ’
1149 282 1208 342 rra

156 438 189 499 Β.
210 436 407 510 Nicostratus,
432 438 562 510 iudices,
577 436 690 499 vicinus
706 438 734 497 in
756 455 828 516 egro
845 447 876 497 et
888 433 1010 515 aqualis
1031 437 1211 507 meus,'mihi

115 528 164 591 rei
175 529 247 593 olim
260 539 348 591 notus
361 528 433 593 luit:
455 530 594 591 munero
606 538 705 591 sutem
725 537 820 608 petre,
833 545 901 591 cnm
914 528 1013 607 egoin
1027 546 1129 607 agrum
1141 548 1212 593 coa·

115 622 279 694 cessissem,
292 622 343 682 ubi
356 622 445 683 etiam
458 640 537 683 nnnc
548 622 660 691 habito,
681 630 769 683 sucta
785 631 833 681 est
856 630 956 680 nostm
975 619 1166 692 familiaritas,
1178 632 1213 681 ut

117 710 322 781 intertiuinos
337 725 368 774 et
388 713 525 793 oequsles.
566 713 715 793 'Pemporis
737 723 834 773 autem
855 732 1022 793 progressu,
1035 722 1212 776 mutuonos

116 806 278 867 moussiae
288 805 433 885 complexi
447 823 567 866 sumus:
588 824 655 865 nam
669 815 700 864 et
712 821 770 883 ego
782 804 869 865 istum
881 804 939 865 feci
953 805 1037 876 tanti,
1051 815 1094 865 nt
1105 805 1213 867 nullius

116 914 245 977 uuquam
259 898 319 959 voti
333 898 471 977 impotem
485 916 503 957 a
516 915 564 957 me
576 896 744 969 dimiserim,
757 906 788 957 et
799 896 856 956 iste
863 896 939 957 mihi
951 896 990 957 ad
1003 915 1103 958 curam
1117 908 1148 959 et
1159 898 1214 959 ad·

116 988 354 1049 ministrationem
368 1008 464 1049 rerum
485 1008 614 1049 mearum
628 1007 687 1048 nou
706 988 818 1049 inutilis
831 988 908 1057 fuitr
927 999 1038 1049 etcum
1052 1008 1108 1068 ego
1128 1010 1213 1071 pere·

116 1097 171 1157 gre
194 1080 318 1154 abibam,
337 1080 397 1141 sive
420 1080 537 1161 publice
560 1080 669 1141 triremi
685 1080 842 1158 praelectus
864 1082 925 1141 sive
945 1081 1078 1161 privatim
1096 1081 1154 1143 alia
1175 1082 1215 1144 de

116 1191 220 1246 eausa,
233 1174 317 1235 istius
330 1174 405 1241 fidei,
418 1194 484 1253 quse
496 1174 526 1233 in
546 1192 617 1251 agro
630 1172 775 1233 habebam
789 1174 889 1233 omnia
908 1173 1053 1235 mandari.
1096 1175 1216 1237 Accidit

118 1274 217 1327 autem
231 1275 266 1326 ut
278 1286 347 1327 cum
360 1266 469 1327 triremi
487 1266 526 1327 ad
541 1263 774 1345 Peloponnesum
797 1266 1015 1335 accedendnmr
1036 1277 1125 1346 atque
1145 1268 1215 1330 inde

118 1356 148 1416 in
161 1356 288 1421 Siciliam
302 1358 391 1438 legati
405 1356 532 1419 vehendi
546 1368 656 1431 essent,
670 1376 745 1437 quos
758 1358 885 1439 populus
903 1370 1060 1420 creaverat
1087 1358 1216 1422 Proinde

117 1468 187 1512 cum
199 1451 294 1511 subito
314 1449 478 1523 scivissem,
492 1449 538 1511 isti
561 1469 609 1511 me
630 1448 801 1511 discessione
822 1451 935 1532 scripsi,
949 1470 1046 1530 neque
1063 1470 1150 1529 posse
1168 1472 1215 1512 re·

118 1541 190 1603 verti
214 1542 346 1617 domum,
370 1550 403 1601 ut
424 1560 462 1601 ne
484 1540 588 1619 legatis
604 1542 635 1599 in
655 1559 737 1601 mora
757 1561 864 1611 essemr
885 1543 1082 1620 mandatique
1100 1553 1135 1604 ut
1155 1563 1214 1603 rem

115 1633 290 1693 familiarem
304 1643 418 1691 curaret
430 1632 699 1705 etadmiuistraret,
709 1643 743 1691 ut
753 1643 784 1693 et
796 1635 936 1713 superiori
945 1643 1076 1713 tempore
1089 1634 1216 1696 fecisset.

139 1728 190 1793 -3,
212 1724 248 1783 ln
270 1742 336 1783 mea
356 1742 425 1783 vero
448 1723 679 1803 peregrinatione
701 1725 856 1803 aufugiunt
876 1725 918 1785 illi
942 1724 1085 1805 mancipia
1106 1727 1216 1789 trices

116 1836 210 1896 agro:
231 1817 292 1877 dno
305 1834 372 1895 qum
385 1834 440 1896 ego
453 1816 481 1879 ei
495 1815 641 1890 dederam,
651 1836 739 1879 uuum
754 1818 834 1897 quod
848 1819 912 1899 ipse
925 1828 1118 1897 compararat.
1141 1821 1217 1890 Qum

115 1910 191 1981 dum
206 1908 392 1997 persequitur
405 1909 519 1989 capitur
533 1910 678 1979 atriremi,
688 1920 719 1970 et
731 1910 760 1969 in
771 1910 906 1990 diginam
916 1911 1059 1972 abductus
1072 1913 1216 1975 venditur.

119 2003 164 2064 Ut
177 2010 276 2073 aetem
290 2018 349 2081 ego
362 2022 379 2063 e
393 2002 567 2083 praefectura
581 2002 678 2063 navali
690 2002 843 2072 redieram,
857 2002 993 2064 convenit
1006 2022 1054 2065 me
1067 2004 1146 2065 Dino
1158 2005 1217 2067 ira·

117 2106 165 2157 ter
184 2094 278 2167 istius,
292 2105 324 2155 et
340 2114 444 2160 casum
455 2097 519 2174 ejus
534 2114 777 2169 commemorans,
791 2116 824 2156 se
844 2098 881 2156 ab
895 2114 931 2157 eo
944 2115 995 2175 per
1007 2096 1106 2156 literas
1118 2115 1216 2158 eccer-

115 2188 219 2263 situm,
236 2206 272 2249 eo
290 2206 349 2248 non
371 2189 534 2269 profectum
556 2206 623 2249 esse
646 2189 688 2247 ait
707 2199 824 2268 propter
843 2189 940 2249 viatici
961 2188 1118 2268 penuriam,
1134 2190 1219 2251 simul

120 2281 211 2341 etism
224 2279 365 2354 reserens,
378 2280 479 2341 audire
493 2300 526 2341 se
540 2300 626 2360 quarn
645 2280 722 2358 male
739 2281 796 2341 iste
809 2292 992 2343 tractaretur.
1034 2280 1148 2350 Quibus
1161 2290 1218 2363 ego

120 2372 238 2445 auditis,
247 2374 341 2433 vicem
355 2373 419 2454 ejus
432 2373 578 2447 misertus,
591 2372 737 2434 Didonem
749 2373 868 2435 fratrem
881 2375 981 2434 statim
995 2373 1034 2434 ad
1047 2393 1115 2434 eum
1125 2374 1218 2448 mitto,

119 2466 153 2527 in
168 2466 303 2527 viaticum
318 2464 394 2525 datis
409 2464 547 2525 trecentis
564 2464 721 2525 drachmis.
764 2466 912 2527 iterarem
931 2465 987 2527 iste
1003 2484 1051 2526 me
1072 2468 1220 2546 convenit,

120 2578 169 2629 uu¹
180 2558 303 2637 primum
321 2566 353 2619 et
371 2558 554 2636 amplectitur
571 2567 602 2617 et
621 2557 732 2631 laudat,
746 2558 797 2637 qui
810 2578 865 2619 suo
884 2559 965 2619 fratri
986 2560 1124 2620 viaucum
1143 2580 1218 2640 prar-

120 2650 260 2722 buissem,
275 2650 361 2709 simul
379 2647 466 2709 etiarn
488 2666 570 2707 suam
583 2649 728 2709 somonam
750 2649 912 2721 miseratur,
929 2659 1071 2728 cognatos
1088 2671 1159 2711 suos
1172 2652 1219 2712 in·

121 2763 231 2805 cusans
244 2761 349 2822 meque
363 2760 431 2801 cum
446 2740 581 2819 lacrymis
600 2758 706 2820 rogans
720 2750 754 2801 ut
766 2760 799 2801 se
812 2740 957 2819 juvarem,
969 2742 1219 2819 quemadmodum

120 2834 265 2915 superiori
278 2852 392 2914 quoque
403 2842 533 2912 ternpore
544 2851 590 2892 me
600 2840 700 2891 terum
710 2842 791 2893 esset
800 2832 925 2896 amicum
939 2844 1096 2910 expertus;
1113 2836 1221 2913 etquis

123 2948 156 2989 se
169 2927 272 3007 viginti
286 2947 337 2989 ser
357 2925 443 2987 minis
462 2943 527 2985 csse
545 2923 727 3003 redemptum
747 2923 907 2993 indicabat,
921 2923 1040 3002 plorans
1058 2935 1146 3003 atque
1157 2925 1220 3005 eja·

123 3019 200 3093 lans,
213 3019 253 3079 ad
266 3038 330 3079 earn
343 3036 484 3078 summam
500 3036 547 3077 me
560 3017 692 3077 conlerre
707 3015 762 3077 sihi
771 3018 896 3091 iubebat
908 3016 1030 3093 aliquid.
1070 3019 1222 3084 Qurecurn

124 3132 180 3192 ego
193 3111 334 3183 audirem,
348 3111 482 3171 misertus
496 3109 559 3185 ejus
572 3128 651 3181 sum,
661 3119 691 3169 et
703 3108 773 3188 qaia
790 3108 867 3169 male
888 3107 1028 3169 affecmm
1045 3110 1221 3177 videbmn-
1318 3108 1334 3183 J

124 3222 193 3267 nam
208 3202 307 3263 ulcera
321 3202 350 3261 in
365 3201 442 3263 tibiis
458 3202 513 3261 sub
527 3201 718 3281 compedibus
732 3212 806 3273 orta,
817 3220 939 3281 quorum
953 3202 1106 3264 cicatrices
1123 3204 1222 3266 adbrsc

124 3296 272 3369 habetet
290 3294 315 3355 si
332 3296 415 3356 vobis
428 3294 585 3357 ostendere
600 3294 747 3375 jusseritis
760 3294 850 3368 nolet,
868 3294 939 3355 mihi
956 3295 1222 3376 demonstrarat-,

125 3388 276 3469 respondi,
289 3407 335 3448 me
348 3397 379 3447 et
397 3388 539 3467 superiori
552 3398 681 3468 tempore
694 3389 758 3470 ejus
777 3388 903 3449 amicum
917 3408 953 3449 ex
967 3389 1065 3450 animo
1079 3391 1178 3464 luisse,
1191 3404 1224 3455 st

126 3500 205 3542 nnnc
218 3481 249 3541 in
262 3479 426 3541 calamitate
440 3480 668 3560 opitulaturumr
689 3490 721 3541 et
739 3490 887 3541 trecentas
900 3481 1066 3555 drachmas,
1078 3502 1152 3562 quas
1164 3483 1223 3545 ira·

75 3628 86 3653 Δ.
127 3574 165 3635 tri
178 3574 218 3635 ed
230 3593 297 3635 enm
310 3572 507 3653 proficiscenti
526 3583 714 3645 mutuaseem,
728 3572 909 3649 condonare,
929 3583 961 3634 et
974 3574 1053 3636 mille
1066 3575 1222 3636 drachmas

72 3672 75 3679 ’
126 3668 155 3725 ei
167 3665 339 3727 redimendo
353 3666 480 3747 gratuito
492 3664 675 3727 cubaturum.
698 3716 700 3720 .
717 3666 824 3746 Neque
835 3686 905 3729 vero
924 3668 982 3728 hoc
1000 3669 1135 3729 eirerbis
1156 3688 1223 3749 pro·

128 3757 289 3832 mittebam,
310 3778 423 3819 resero
443 3758 508 3839 ipse
526 3776 585 3819 non
603 3761 797 3839 praestabam:
819 3762 883 3833 sed,
898 3763 1033 3842 quoniam
1046 3772 1223 3843 presentem

128 3850 283 3929 pecuniam
297 3870 357 3911 oon
371 3849 524 3922 habebam,
538 3862 692 3931 propterea
704 3851 784 3933 quod
798 3854 875 3915 male
887 3854 957 3915 mihi
971 3874 1039 3915 cum
1049 3854 1224 3918 Phormione

130 3942 331 4013 conveniebat,
343 3962 395 4030 per
409 3963 496 4023 quem
516 3942 624 4005 relictis
637 3944 713 4005 mihi·
724 3964 743 4006 a
755 3955 838 4025 petre
859 3946 1048 4007 facultatibus
1068 3948 1224 4026 spoliabat,

130 4035 236 4097 uersus
259 4034 299 4097 aa
317 4034 485 4108 nasonem,
505 4037 556 4116 qur
578 4046 641 4097 tum
664 4038 856 4119 masam
878 4040 1043 4113 sesama,
1063 4040 1176 4119 peut
1194 4052 1226 4104 a
1312 4028 1317 4037 '

131 4146 221 4189 aurea
242 4146 361 4197 corona,
376 4148 444 4207 qum
465 4146 503 4187 ex
522 4128 695 4208 patrimonio
715 4130 870 4206 habebam,
889 4132 964 4209 jussi
983 4132 1030 4193 isti
1052 4131 1122 4194 dare
1144 4132 1225 4195 mille

132 4220 307 4290 drachmasr
329 4230 418 4301 etque
431 4218 488 4279 hoc
500 4220 592 4299 gratis
606 4231 760 4301 argentum
773 4222 800 4281 ei
811 4221 892 4296 dedi,
905 4233 936 4284 et
949 4222 1069 4286 dedisse
1082 4225 1187 4287 fateor.

171 4318 204 4375 4.
221 4312 335 4375 Diebus
349 4333 407 4375 non
424 4312 523 4373 multis
533 4324 602 4393 post
614 4333 662 4373 me
675 4314 812 4375 convenit
825 4334 861 4377 se
870 4314 989 4395 plorans
1001 4317 1083 4390 dicit,
1095 4318 1225 4399 hospites

132 4406 183 4484 qui
196 4406 252 4465 sibi
266 4407 419 4485 pecuniam
435 4425 493 4485 qua
507 4405 695 4467 redimeretur
708 4416 904 4481 mutuassent,
918 4409 1061 4489 reliquum
1074 4420 1226 4489 argentum

655 4501 674 4556 4
686 4516 706 4558 n
