2967 5017
494 320 668 382 ooNustA
690 312 908 382 GONONEM.
1181 325 1243 385 725

153 474 256 535 mern
273 473 379 535 elienil
408 474 483 535 Hoec
493 496 552 554 ego
569 484 648 535 certe
667 475 696 533 in
714 493 818 535 eorum
831 476 917 536 luctis
930 475 1031 536 inesse·
1044 486 1127 554 puto-
1137 479 1241 538 omnia.

158 566 226 627 Etsi
239 576 335 627 sutem
349 568 394 626 his
408 568 464 628 elie
477 570 608 647 graviora
621 569 826 647 designaruntr
843 588 895 629 nos
911 580 1008 629 menen
1021 570 1171 648 exquirere
1182 592 1242 631 non

158 680 319 742 possumus
333 682 433 723 omnes
446 680 497 723 eos
517 664 566 741 qui
580 662 675 723 effecti
688 673 758 725 sunt
770 663 888 738 injuriis.

205 753 251 812 13.
274 754 368 821 Quem
388 763 485 815 eutem
499 754 789 833 ¹impudentissimum
808 755 871 834 ejus
891 755 1049 815 orationem
1069 755 1129 822 fore
1146 757 1243 829 audio,

157 841 201 901 do
210 862 247 904 ee
260 862 311 903 uos
324 848 495 924 presmoneri
509 854 637 925 prestet.
679 846 771 904 Aiunt
783 865 850 904 eum
865 845 963 905 liberis
982 846 1042 905 suis
1058 845 1192 909 adductis
1212 850 1241 907 in

156 952 264 993 eorum
284 938 378 1016 capite
397 939 569 1015 juraturum,
581 948 612 998 et
630 937 882 1016 imprecationibus
896 937 971 997 diris.
984 948 1015 996 et
1033 940 1181 1000 atrocibus
1194 960 1245 1001 cos

156 1027 343 1103 devoturum,
357 1040 388 1090 et
408 1032 515 1091 talibus
538 1042 580 1090 ut*
593 1050 643 1090 ees
668 1030 786 1108 quidum
809 1028 859 1107 qui
887 1028 1019 1089 audierat
1038 1032 1161 1107 portenti
1181 1032 1246 1092 loco

157 1122 248 1181 nobis
274 1123 410 1183 retulerit.
453 1122 664 1202 lnsupcrebilia
686 1133 764 1194 sunt,
778 1120 916 1193 ludices„
929 1121 995 1180 telis
1012 1122 1144 1180 eudecire
1166 1142 1246 1183 com·

157 1224 279 1273 mente:
313 1235 380 1275 nem
404 1215 531 1301 optimus
555 1214 688 1291 quisque,
710 1214 821 1292 opinor,
836 1224 867 1272 et
888 1212 1005 1272 minime
1025 1215 1085 1291 ipse
1109 1214 1247 1287 mendax,

158 1304 270 1365 talibus
287 1305 442 1387 praestigiis
466 1305 602 1367 facillime
623 1304 772 1385 decipitur.
814 1306 874 1365 Sed
889 1316 993 1365 *temen
1007 1307 1148 1384 tantisper
1161 1307 1248 1366 susti·

157 1398 277 1458 nendus
291 1410 336 1459 est
350 1416 492 1473 aseensus,
507 1399 576 1458 dum
591 1399 649 1459 vite
670 1409 701 1457 et
714 1416 808 1459 mores
821 1398 1048 1459 considerentur.
1089 1399 1178 1457 letius
1198 1418 1248 1458 eu·

157 1496 222 1547 tem
243 1490 273 1549 in
295 1490 461 1569 hujusmodi
481 1491 569 1551 rebus
586 1490 733 1551 levitatem
748 1510 804 1570 ego
817 1486 899 1551 vobis
913 1510 1067 1569 exponam,
1080 1491 1129 1570 qui
1149 1510 1249 1551 neces·

157 1580 239 1639 serio
253 1582 417 1659 perquisivi.

204 1674 257 1729 14.
278 1672 385 1745 Audio,
409 1672 540 1745 ludices,
562 1674 719 1733 Bacchium
731 1675 877 1753 quendam
891 1694 910 1733 e
921 1676 1002 1734 vobis
1016 1674 1207 1747 interfectum,
1221 1687 1252 1737 et

157 1762 372 1831 Aristocraten
388 1764 435 1823 cui
450 1764 528 1823 oculi
542 1775 609 1823 sunt
629 1766 713 1835 eruti,
726 1774 758 1825 et
777 1764 849 1825 elios
868 1766 986 1837 similes,
998 1774 1030 1824 et
1044 1764 1206 1839 Cononem,
1218 1768 1250 1827 in

157 1856 362 1917 adolescentie
375 1858 468 1917 socios
481 1857 583 1929 fuisse,
597 1870 627 1917 et
648 1856 789 1917 Triballor
809 1856 1046 1936 cognominatos:
1067 1877 1118 1917 eos
1136 1869 1166 1918 et
1188 1860 1250 1917 He·

159 1958 239 2009 cutm
253 1968 382 2009 comesse
396 1968 504 2021 coenes,
520 1958 550 2007 et
562 1948 713 2009 testiculos
730 1948 934 2028 porcellorum,
949 1948 1055 2026 quibus
1066 1958 1252 2031 cuetumpur-

160 2049 237 2119 gunt
258 2049 413 2119 antequem
433 2040 464 2099 in
487 2040 631 2100 theatrum
659 2032 866 2118 ingredientur,
889 2038 1019 2118 undique
1041 2040 1196 2119 collegisse
1216 2050 1252 2101 ,et

161 2132 297 2195 convivia
309 2133 491 2201 celebrassez
513 2142 543 2191 et
562 2132 677 2192 facilius
698 2150 764 2191 cum
780 2136 895 2205 jurasse
912 2140 975 2189 tum
992 2132 1152 2210 pejerasse,
1165 2150 1253 2212 quem

162 2224 280 2303 quidvis
300 2224 378 2285 eliud
390 2223 514 2286 iecisse.
555 2224 625 2283 Nori
646 2224 734 2303 igitur
751 2223 865 2283 Cononi
874 2223 984 2303 juranti
996 2224 1041 2283 his
1060 2224 1188 2283 moribus
1208 2232 1254 2285 ert

163 2316 302 2379 habenda
312 2318 522 2396 fides-neque
534 2300 633 2377 multis
647 2317 741 2377 uerbis
752 2328 798 2377 est
810 2336 936 2396 opus-,
946 2336 1015 2375 num
1027 2314 1077 2395 qui
1089 2317 1137 2376 vel
1150 2336 1254 2377 secun·

163 2408 236 2469 dum
249 2412 333 2489 leges
347 2410 440 2471 suncti
449 2410 560 2489 juraret
569 2409 650 2483 nihil,
662 2411 686 2469 is
696 2420 776 2471 certe
789 2430 840 2491 per
854 2411 972 2483 liberos,
978 2410 1057 2489 quod
1069 2412 1255 2471 interdictum

163 2512 221 2577 est,
229 2504 329 2583 jurare
348 2522 408 2563 uon
422 2501 623 2562 cunctabitur:
646 2512 677 2561 et
695 2504 791 2563 bonus
804 2503 922 2581 quidem
935 2504 1080 2563 vir'etisnr
1095 2504 1255 2584 legitimum

162 2595 370 2674 jusjurandum
385 2594 437 2653 det
451 2594 568 2662 invitum
580 2596 685 2672 potius
695 2604 793 2653 eutem
804 2613 890 2671 quem
903 2596 958 2654 isto
969 2594 1161 2656 descenderet
1173 2597 1257 2675 quid-

165 2686 327 2747 vismellet
338 2684 468 2765 perpeti:
490 2686 515 2743 si
533 2695 630 2743 eutem
644 2685 744 2764 jurare
757 2686 875 2744 omnino
893 2705 1014 2745 necesse
1033 2696 1089 2758 est,
1102 2688 1128 2745 is
1147 2689 1197 2765 qui
1216 2689 1260 2749 ite

163 2778 243 2857 juret
261 2788 296 2837 ut
310 2788 457 2857 receptum
469 2789 524 2849 est,
538 2778 604 2857 plus
623 2776 692 2837 fidei
704 2786 831 2836 merctur
849 2795 885 2836 eo
902 2778 953 2856 qui
973 2778 1078 2837 liberos
1090 2777 1216 2839 devovet
1226 2792 1258 2840 et

167 2874 330 2952 perignem
349 2874 438 2949 juret.
480 2870 544 2949 Ego
568 2890 645 2951 vero,
667 2868 781 2943 Conon,
805 2871 852 2929 cui
872 2878 989 2950 propter
1011 2870 1109 2929 omniu
1126 2869 1193 2949 plur
1213 2882 1258 2931 est

167 2962 337 3025 habendum
349 2963 416 3024 fidei
430 2982 518 3042 quem
533 2962 595 3036 tibi,
606 2962 811 3041 jusjurandum
821 2962 879 3020 boc
892 2961 963 3020 dure
975 2961 1064 3035 volui,
1076 2980 1146 3035 uon,
1160 2971 1193 3021 ut
1203 2964 1257 3022 irn-

170 3074 248 3135 pune
260 3059 365 3118 ferrem
380 3055 499 3127 delicta,
512 3074 579 3114 cum
592 3054 663 3113 nihil
677 3054 736 3113 tule
750 3053 891 3126 lectitem,
904 3052 1003 3132 qualia
1015 3062 1059 3127 tu,
1071 3054 1126 3113 sed
1138 3064 1256 3134 propter

171 3148 321 3210 veritatem
335 3158 416 3208 etue
431 3146 615 3208 contumeliis
627 3146 768 3219 efficerer,
778 3165 837 3205 non
851 3155 885 3205 ut
896 3144 1020 3225 perjurio
1030 3164 1148 3205 causam
1160 3147 1258 3208 vinee·

172 3257 239 3300 rem.
281 3240 387 3301 Recita
398 3240 642 3319 provocationem.

576 3392 854 3452 PROVOCATlO.

215 3522 354 3601 Hoecego
367 3532 397 3581 et
409 3521 576 3599 tumjurare
588 3521 678 3591 volui,
695 3531 725 3581 et
744 3540 847 3581 nunc
865 3523 957 3601 juro
979 3541 1049 3601 per
1072 3521 1170 3581 deos
1194 3523 1259 3582 de·
1333 3580 1338 3586 .

177 3630 298 3693 esque
330 3632 462 3675 omnes
501 3624 626 3673 restra
658 3631 789 3684 ceusu,
818 3613 1000 3683 ludices,
1039 3623 1079 3672 et
1104 3632 1260 3674 corones

176 3703 492 3777 circumstantis,
518 3725 571 3766 rne
599 3705 755 3766 omnino
783 3725 802 3765 e
828 3704 992 3765 Conone
1019 3723 1259 3784 perpessum

176 3814 222 3859 et
242 3818 326 3879 quoe
349 3814 579 3880 conqueror,
602 3809 640 3857 et
659 3798 865 3878 accepisse
887 3799 1039 3879 pinges,
1062 3808 1100 3858 et
1121 3798 1260 3859 discis·

179 3906 254 3951 rum
276 3892 374 3951 mihi
409 3892 559 3953 labrum
594 3890 651 3952 ita
684 3900 726 3950 ut
760 3891 1034 3951 consuendum
1065 3890 1200 3962 suerit,
1226 3903 1263 3951 et

178 3984 432 4045 contumeliis
470 3982 657 4057 effectum,
693 3984 767 4045 hoc
800 3982 965 4063 judicio
1002 3982 1117 4043 illum
1150 4002 1263 4045 eccu-

180 4088 274 4139 tere.
302 4075 472 4146 Quodsi
495 4085 635 4138 sancte
659 4077 763 4157 juro,
787 4076 908 4137 mults
933 4077 1027 4138 mihi
1052 4078 1262 4141 boneere·

182 4164 304 4240 nient,
339 4188 466 4248 neque
502 4169 540 4228 in
577 4178 782 4249 posterum
808 4170 1021 4250 quicquum
1047 4170 1129 4231 tale
1162 4173 1263 4233 ecci-

70 4334 71 4341 }
182 4252 257 4317 dut:
287 4258 348 4321 sin
381 4260 528 4340 pejero,
556 4259 740 4321 funditus
773 4280 929 4341 pereum
957 4272 997 4323 et
1027 4262 1124 4343 ipse,
1157 4273 1197 4324 et
1229 4264 1263 4324 si

184 4349 271 4423 quid
294 4352 387 4413 mihi
415 4363 481 4412 eut
504 4362 568 4413 eet
592 4365 658 4413 eut
680 4354 858 4415 futurum
884 4363 955 4416 est.
996 4354 1136 4419 sednon
1153 4358 1262 4437 pejero,

184 4440 236 4499 etri
249 4442 364 4505 cononi
377 4444 425 4505 ilie
438 4455 646 4523 rumperentur.
