<?xml version="1.0" encoding="UTF-8"?>
<!DOCTYPE html PUBLIC "-//W3C//DTD XHTML 1.0 Transitional//EN"
    "http://www.w3.org/TR/xhtml1/DTD/xhtml1-transitional.dtd">
<html xmlns="http://www.w3.org/1999/xhtml" xml:lang="en" lang="en">
 <head>
  <title>
</title>
<meta http-equiv="Content-Type" content="text/html;charset=utf-8" />
  <meta name='ocr-system' content='tesseract 3.04.00' />
  <meta name='ocr-capabilities' content='ocr_page ocr_carea ocr_par ocr_line ocrx_word'/>
</head>
<body>
  <div class='ocr_page' id='page_1' title='image "./oratoresatticie00dupogoog_0130.png"; bbox 0 0 2967 5017; ppageno 0'>
   <div class='ocr_carea' id='block_1_1' title="bbox 251 321 982 390">
    <p class='ocr_par' dir='ltr' id='par_1_1' title="bbox 251 321 982 390">
     <span class='ocr_line' id='line_1_1' title="bbox 251 321 982 390; baseline -0.011 0"><span class='ocrx_word' id='word_1_1' title='bbox 251 327 312 390; x_wconf 75' lang='grc'><strong>686</strong></span> <span class='ocrx_word' id='word_1_2' title='bbox 612 323 655 386; x_wconf 82' lang='lat' dir='ltr'><strong>lbl</strong></span> <span class='ocrx_word' id='word_1_3' title='bbox 678 321 934 386; x_wconf 71' lang='lat' dir='ltr'><strong>sternentium</strong></span> <span class='ocrx_word' id='word_1_4' title='bbox 958 322 982 382; x_wconf 89' lang='lat'><strong>1.</strong></span> 
     </span>
    </p>
   </div>
   <div class='ocr_carea' id='block_1_2' title="bbox 249 473 1348 750">
    <p class='ocr_par' dir='ltr' id='par_1_2' title="bbox 249 473 1348 750">
     <span class='ocr_line' id='line_1_2' title="bbox 250 473 1347 568; baseline -0.014 -19"><span class='ocrx_word' id='word_1_5' title='bbox 250 495 340 568; x_wconf 81' lang='lat' dir='ltr'><strong>ceput</strong></span> <span class='ocrx_word' id='word_1_6' title='bbox 345 483 594 561; x_wconf 59' lang='lat' dir='ltr'><strong>sermundseime</strong></span> <span class='ocrx_word' id='word_1_7' title='bbox 603 499 670 544; x_wconf 80' lang='lat' dir='ltr'><strong>eece</strong></span> <span class='ocrx_word' id='word_1_8' title='bbox 684 482 934 554; x_wconf 78' lang='lat' dir='ltr'><strong>demonstrerero,</strong></span> <span class='ocrx_word' id='word_1_9' title='bbox 947 487 1011 539; x_wconf 83' lang='lat' dir='ltr'><strong>tum</strong></span> <span class='ocrx_word' id='word_1_10' title='bbox 1021 477 1139 539; x_wconf 61' lang='lat' dir='ltr'><strong>&amp;more</strong></span> <span class='ocrx_word' id='word_1_11' title='bbox 1152 474 1192 536; x_wconf 84' lang='lat' dir='ltr'><strong>de</strong></span> <span class='ocrx_word' id='word_1_12' title='bbox 1202 473 1315 535; x_wconf 68' lang='lat' dir='ltr'><strong>suedis</strong></span> <span class='ocrx_word' id='word_1_13' title='bbox 1326 493 1347 535; x_wconf 83' lang='lat' dir='ltr'><strong>e</strong></span> 
     </span>
     <span class='ocr_line' id='line_1_3' title="bbox 249 565 1348 655; baseline -0.013 -14"><span class='ocrx_word' id='word_1_14' title='bbox 249 570 472 641; x_wconf 70' lang='lat' dir='ltr'><strong>nummulari.</strong></span> <span class='ocrx_word' id='word_1_15' title='bbox 487 576 547 638; x_wconf 84' lang='lat' dir='ltr'><strong>Pro</strong></span> <span class='ocrx_word' id='word_1_16' title='bbox 555 574 723 638; x_wconf 60' lang='lat' dir='ltr'><strong>munnio</strong></span> <span class='ocrx_word' id='word_1_17' title='bbox 736 571 982 655; x_wconf 67' lang='lat' dir='ltr'><strong>igiturdixsrum,</strong></span> <span class='ocrx_word' id='word_1_18' title='bbox 990 569 1131 633; x_wconf 68' lang='lat' dir='ltr'><strong>uturum</strong></span> <span class='ocrx_word' id='word_1_19' title='bbox 1139 565 1348 629; x_wconf 76' lang='lat' dir='ltr'><strong>Phormionem</strong></span> 
     </span>
     <span class='ocr_line' id='line_1_4' title="bbox 250 659 1347 750; baseline -0.013 -16"><span class='ocrx_word' id='word_1_20' title='bbox 250 679 456 734; x_wconf 82' lang='lat' dir='ltr'><strong>testementum</strong></span> <span class='ocrx_word' id='word_1_21' title='bbox 474 671 672 750; x_wconf 82' lang='lat' dir='ltr'><strong>eperiendum,</strong></span> <span class='ocrx_word' id='word_1_22' title='bbox 685 669 768 750; x_wconf 87' lang='lat' dir='ltr'><strong>quod</strong></span> <span class='ocrx_word' id='word_1_23' title='bbox 785 666 950 728; x_wconf 75' lang='lat' dir='ltr'><strong>exhibuerit</strong></span> <span class='ocrx_word' id='word_1_24' title='bbox 971 666 1051 746; x_wconf 80' lang='lat' dir='ltr'><strong>epod</strong></span> <span class='ocrx_word' id='word_1_25' title='bbox 1071 662 1182 724; x_wconf 84' lang='lat' dir='ltr'><strong>&#39;l&#39;ieiem</strong></span> <span class='ocrx_word' id='word_1_26' title='bbox 1206 659 1347 721; x_wconf 72' lang='lat' dir='ltr'><strong>arbitrem</strong></span> 
     </span>
    </p>
   </div>
   <div class='ocr_carea' id='block_1_3' title="bbox 250 753 1350 1211">
    <p class='ocr_par' dir='ltr' id='par_1_3' title="bbox 250 753 1350 1211">
     <span class='ocr_line' id='line_1_5' title="bbox 251 753 1349 844; baseline -0.009 -20"><span class='ocrx_word' id='word_1_27' title='bbox 251 759 398 844; x_wconf 79' lang='lat' dir='ltr'>Amphion</span> <span class='ocrx_word' id='word_1_28' title='bbox 417 759 663 842; x_wconf 80' lang='lat' dir='ltr'><strong>espuiropnoutis</strong></span> <span class='ocrx_word' id='word_1_29' title='bbox 681 761 798 822; x_wconf 70' lang='lat' dir='ltr'><strong>smnus</strong></span> <span class='ocrx_word' id='word_1_30' title='bbox 818 777 867 820; x_wconf 77' lang='lat' dir='ltr'><strong>ms</strong></span> <span class='ocrx_word' id='word_1_31' title='bbox 883 778 955 820; x_wconf 85' lang='lat' dir='ltr'><strong>vero</strong></span> <span class='ocrx_word' id='word_1_32' title='bbox 971 757 1002 818; x_wconf 92' lang='lat' dir='ltr'><strong>id</strong></span> <span class='ocrx_word' id='word_1_33' title='bbox 1021 756 1134 838; x_wconf 83' lang='lat' dir='ltr'><strong>operire</strong></span> <span class='ocrx_word' id='word_1_34' title='bbox 1145 753 1298 814; x_wconf 82' lang='lat' dir='ltr'><strong>noluisse:</strong></span> <span class='ocrx_word' id='word_1_35' title='bbox 1316 763 1349 814; x_wconf 88' lang='lat' dir='ltr'><strong>et</strong></span> 
     </span>
     <span class='ocr_line' id='line_1_6' title="bbox 250 845 1348 934; baseline -0.008 -19"><span class='ocrx_word' id='word_1_36' title='bbox 250 854 342 915; x_wconf 76' lang='lat' dir='ltr'><strong>luisse</strong></span> <span class='ocrx_word' id='word_1_37' title='bbox 359 854 389 914; x_wconf 86' lang='lat' dir='ltr'><strong>id</strong></span> <span class='ocrx_word' id='word_1_38' title='bbox 404 861 612 916; x_wconf 71' lang='lat' dir='ltr'><strong>testamentum</strong></span> <span class='ocrx_word' id='word_1_39' title='bbox 625 855 664 916; x_wconf 89' lang='lat' dir='ltr'><strong>de</strong></span> <span class='ocrx_word' id='word_1_40' title='bbox 676 864 737 934; x_wconf 78' lang='lat' dir='ltr'><strong>quo</strong></span> <span class='ocrx_word' id='word_1_41' title='bbox 747 854 806 934; x_wconf 86' lang='lat' dir='ltr'><strong>ipsi</strong></span> <span class='ocrx_word' id='word_1_42' title='bbox 819 853 955 926; x_wconf 71' lang='lat' dir='ltr'><strong>dixerint,</strong></span> <span class='ocrx_word' id='word_1_43' title='bbox 963 847 1131 930; x_wconf 82' lang='lat' dir='ltr'><strong>exemplum</strong></span> <span class='ocrx_word' id='word_1_44' title='bbox 1153 845 1243 906; x_wconf 81' lang='lat' dir='ltr'><strong>illies.</strong></span> <span class='ocrx_word' id='word_1_45' title='bbox 1284 845 1348 906; x_wconf 84' lang='lat' dir='ltr'><strong>De·</strong></span> 
     </span>
     <span class='ocr_line' id='line_1_7' title="bbox 250 936 1349 1028; baseline -0.006 -22"><span class='ocrx_word' id='word_1_46' title='bbox 250 945 321 1006; x_wconf 85' lang='lat' dir='ltr'><strong>inde</strong></span> <span class='ocrx_word' id='word_1_47' title='bbox 334 955 541 1008; x_wconf 74' lang='lat' dir='ltr'><strong>mtememum</strong></span> <span class='ocrx_word' id='word_1_48' title='bbox 555 947 695 1028; x_wconf 84' lang='lat' dir='ltr'><strong>scriptum</strong></span> <span class='ocrx_word' id='word_1_49' title='bbox 708 957 764 1008; x_wconf 85' lang='lat' dir='ltr'><strong>est.</strong></span> <span class='ocrx_word' id='word_1_50' title='bbox 806 945 871 1027; x_wconf 72' lang='lat' dir='ltr'><strong>Ego</strong></span> <span class='ocrx_word' id='word_1_51' title='bbox 883 963 954 1006; x_wconf 81' lang='lat' dir='ltr'><strong>sero</strong></span> <span class='ocrx_word' id='word_1_52' title='bbox 969 943 1009 1004; x_wconf 86' lang='lat' dir='ltr'><strong>dc</strong></span> <span class='ocrx_word' id='word_1_53' title='bbox 1031 941 1068 1002; x_wconf 89' lang='lat' dir='ltr'><strong>ils</strong></span> <span class='ocrx_word' id='word_1_54' title='bbox 1091 936 1308 1002; x_wconf 81' lang='lat' dir='ltr'><strong>conditionibus</strong></span> <span class='ocrx_word' id='word_1_55' title='bbox 1329 957 1349 1000; x_wconf 85' lang='lat' dir='ltr'><strong>e</strong></span> 
     </span>
     <span class='ocr_line' id='line_1_8' title="bbox 251 1034 1350 1116; baseline -0.005 -19"><span class='ocrx_word' id='word_1_56' title='bbox 251 1035 428 1099; x_wconf 75' lang='lat' dir='ltr'>Phormione</span> <span class='ocrx_word' id='word_1_57' title='bbox 437 1035 508 1099; x_wconf 81' lang='lat' dir='ltr'><strong>mibi</strong></span> <span class='ocrx_word' id='word_1_58' title='bbox 521 1037 599 1113; x_wconf 84' lang='lat' dir='ltr'><strong>letis,</strong></span> <span class='ocrx_word' id='word_1_59' title='bbox 613 1049 665 1100; x_wconf 81' lang='lat' dir='ltr'><strong>eut</strong></span> <span class='ocrx_word' id='word_1_60' title='bbox 677 1057 739 1101; x_wconf 86' lang='lat' dir='ltr'><strong>non</strong></span> <span class='ocrx_word' id='word_1_61' title='bbox 751 1039 830 1113; x_wconf 86' lang='lat' dir='ltr'><strong>letis,</strong></span> <span class='ocrx_word' id='word_1_62' title='bbox 842 1037 975 1100; x_wconf 79' lang='lat' dir='ltr'><strong>nondum</strong></span> <span class='ocrx_word' id='word_1_63' title='bbox 994 1035 1062 1098; x_wconf 88' lang='lat' dir='ltr'><strong>dioc</strong></span> <span class='ocrx_word' id='word_1_64' title='bbox 1073 1034 1242 1116; x_wconf 75' lang='lat' dir='ltr'><strong>quicquum,</strong></span> <span class='ocrx_word' id='word_1_65' title='bbox 1254 1049 1350 1114; x_wconf 83' lang='lat' dir='ltr'><strong>neqne</strong></span> 
     </span>
     <span class='ocr_line' id='line_1_9' title="bbox 252 1127 1349 1211; baseline -0.004 -19"><span class='ocrx_word' id='word_1_66' title='bbox 252 1130 291 1192; x_wconf 86' lang='lat' dir='ltr'><strong>de</strong></span> <span class='ocrx_word' id='word_1_67' title='bbox 303 1129 426 1191; x_wconf 84' lang='lat' dir='ltr'><strong>veritete</strong></span> <span class='ocrx_word' id='word_1_68' title='bbox 439 1131 527 1192; x_wconf 87' lang='lat' dir='ltr'><strong>etism</strong></span> <span class='ocrx_word' id='word_1_69' title='bbox 540 1143 592 1193; x_wconf 80' lang='lat' dir='ltr'><strong>eut</strong></span> <span class='ocrx_word' id='word_1_70' title='bbox 608 1132 736 1194; x_wconf 81' lang='lat' dir='ltr'><strong>lelsitete</strong></span> <span class='ocrx_word' id='word_1_71' title='bbox 749 1131 936 1193; x_wconf 63' lang='lat' dir='ltr'><strong>acumenti:</strong></span> <span class='ocrx_word' id='word_1_72' title='bbox 955 1129 1036 1211; x_wconf 85' lang='lat' dir='ltr'><strong>qnod</strong></span> <span class='ocrx_word' id='word_1_73' title='bbox 1049 1130 1085 1190; x_wconf 89' lang='lat' dir='ltr'><strong>iis</strong></span> <span class='ocrx_word' id='word_1_74' title='bbox 1098 1129 1138 1189; x_wconf 88' lang='lat' dir='ltr'><strong>de</strong></span> <span class='ocrx_word' id='word_1_75' title='bbox 1149 1127 1238 1188; x_wconf 87' lang='lat' dir='ltr'><strong>rebus</strong></span> <span class='ocrx_word' id='word_1_76' title='bbox 1249 1127 1349 1188; x_wconf 81' lang='lat' dir='ltr'><strong>stetim</strong></span> 
     </span>
    </p>
   </div>
   <div class='ocr_carea' id='block_1_4' title="bbox 153 1224 1221 1288">
    <p class='ocr_par' dir='ltr' id='par_1_4' title="bbox 153 1224 1221 1288">
     <span class='ocr_line' id='line_1_10' title="bbox 153 1224 1221 1288; baseline -0.014 -1"><span class='ocrx_word' id='word_1_77' title='bbox 153 1241 157 1250; x_wconf 88' lang='lat'>·</span> <span class='ocrx_word' id='word_1_78' title='bbox 251 1241 305 1287; x_wconf 80' lang='lat' dir='ltr'><strong>voe</strong></span> <span class='ocrx_word' id='word_1_79' title='bbox 316 1224 441 1288; x_wconf 89' lang='lat' dir='ltr'><strong>docebo.</strong></span> <span class='ocrx_word' id='word_1_80' title='bbox 461 1245 462 1250; x_wconf 49' lang='lat'>¹</span> <span class='ocrx_word' id='word_1_81' title='bbox 1211 1249 1221 1272; x_wconf 85' lang='grc'><strong>.</strong></span> 
     </span>
    </p>
   </div>
   <div class='ocr_carea' id='block_1_5' title="bbox 251 1311 1357 4550">
    <p class='ocr_par' dir='ltr' id='par_1_5' title="bbox 251 1311 1357 3704">
     <span class='ocr_line' id='line_1_11' title="bbox 255 1311 1350 1398; baseline 0 -23"><span class='ocrx_word' id='word_1_82' title='bbox 255 1347 258 1354; x_wconf 86' lang='lat'>.</span> <span class='ocrx_word' id='word_1_83' title='bbox 291 1319 322 1376; x_wconf 80' lang='lat'><strong>4.</strong></span> <span class='ocrx_word' id='word_1_84' title='bbox 343 1316 404 1378; x_wconf 82' lang='lat' dir='ltr'><strong>Sed</strong></span> <span class='ocrx_word' id='word_1_85' title='bbox 417 1317 491 1378; x_wconf 86' lang='lat' dir='ltr'><strong>illud</strong></span> <span class='ocrx_word' id='word_1_86' title='bbox 509 1317 590 1397; x_wconf 90' lang='lat' dir='ltr'><strong>quod</strong></span> <span class='ocrx_word' id='word_1_87' title='bbox 607 1317 705 1379; x_wconf 77' lang='lat' dir='ltr'><strong>teeteti</strong></span> <span class='ocrx_word' id='word_1_88' title='bbox 722 1326 802 1390; x_wconf 76' lang='lat' dir='ltr'><strong>sunt,</strong></span> <span class='ocrx_word' id='word_1_89' title='bbox 821 1335 869 1378; x_wconf 89' lang='lat' dir='ltr'><strong>me</strong></span> <span class='ocrx_word' id='word_1_90' title='bbox 884 1318 1004 1379; x_wconf 64' lang='lat' dir='ltr'><strong>mbulee</strong></span> <span class='ocrx_word' id='word_1_91' title='bbox 1025 1312 1137 1398; x_wconf 81' lang='lat' dir='ltr'><strong>sperlre</strong></span> <span class='ocrx_word' id='word_1_92' title='bbox 1148 1311 1292 1388; x_wconf 83' lang='lat' dir='ltr'><strong>noluisse,</strong></span> <span class='ocrx_word' id='word_1_93' title='bbox 1304 1313 1350 1375; x_wconf 84' lang='lat' dir='ltr'><strong>sio</strong></span> 
     </span>
     <span class='ocr_line' id='line_1_12' title="bbox 251 1404 1351 1489; baseline -0.004 -21"><span class='ocrx_word' id='word_1_94' title='bbox 251 1408 447 1483; x_wconf 71' lang='lat' dir='ltr'><strong>considerate,</strong></span> <span class='ocrx_word' id='word_1_95' title='bbox 460 1425 587 1489; x_wconf 78' lang='lat' dir='ltr'><strong>quonum</strong></span> <span class='ocrx_word' id='word_1_96' title='bbox 608 1409 646 1470; x_wconf 90' lang='lat' dir='ltr'><strong>de</strong></span> <span class='ocrx_word' id='word_1_97' title='bbox 665 1427 757 1470; x_wconf 84' lang='lat' dir='ltr'><strong>neuen</strong></span> <span class='ocrx_word' id='word_1_98' title='bbox 778 1410 934 1488; x_wconf 82' lang='lat' dir='ltr'><strong>quiequsnr</strong></span> <span class='ocrx_word' id='word_1_99' title='bbox 948 1419 1065 1469; x_wconf 86' lang='lat' dir='ltr'><strong>recuset</strong></span> <span class='ocrx_word' id='word_1_100' title='bbox 1081 1406 1195 1487; x_wconf 79' lang='lat' dir='ltr'><strong>operire</strong></span> <span class='ocrx_word' id='word_1_101' title='bbox 1212 1404 1351 1466; x_wconf 76' lang='lat' dir='ltr'><strong>mbulesl</strong></span> 
     </span>
     <span class='ocr_line' id='line_1_13' title="bbox 253 1497 1349 1583; baseline 0.005 -25"><span class='ocrx_word' id='word_1_102' title='bbox 253 1499 295 1560; x_wconf 85' lang='lat' dir='ltr'><strong>Ut</strong></span> <span class='ocrx_word' id='word_1_103' title='bbox 307 1519 346 1562; x_wconf 89' lang='lat' dir='ltr'><strong>ne</strong></span> <span class='ocrx_word' id='word_1_104' title='bbox 358 1501 472 1566; x_wconf 80' lang='lat' dir='ltr'><strong>scilieet</strong></span> <span class='ocrx_word' id='word_1_105' title='bbox 483 1511 689 1564; x_wconf 72' lang='lat' dir='ltr'><strong>testamentum</strong></span> <span class='ocrx_word' id='word_1_106' title='bbox 703 1502 733 1562; x_wconf 92' lang='lat' dir='ltr'><strong>in</strong></span> <span class='ocrx_word' id='word_1_107' title='bbox 746 1512 940 1583; x_wconf 80' lang='lat' dir='ltr'><strong>conspectum</strong></span> <span class='ocrx_word' id='word_1_108' title='bbox 948 1501 1084 1583; x_wconf 79' lang='lat' dir='ltr'><strong>judicum</strong></span> <span class='ocrx_word' id='word_1_109' title='bbox 1097 1497 1234 1560; x_wconf 81' lang='lat' dir='ltr'><strong>reniretl</strong></span> <span class='ocrx_word' id='word_1_110' title='bbox 1259 1497 1349 1564; x_wconf 63' lang='lat' dir='ltr'><strong>Qud</strong></span> 
     </span>
     <span class='ocr_line' id='line_1_14' title="bbox 252 1589 1351 1676; baseline -0.004 -22"><span class='ocrx_word' id='word_1_111' title='bbox 252 1591 308 1654; x_wconf 89' lang='lat' dir='ltr'><strong>nisi</strong></span> <span class='ocrx_word' id='word_1_112' title='bbox 326 1594 374 1656; x_wconf 85' lang='lat' dir='ltr'><strong>isti</strong></span> <span class='ocrx_word' id='word_1_113' title='bbox 395 1611 465 1656; x_wconf 88' lang='lat' dir='ltr'><strong>oum</strong></span> <span class='ocrx_word' id='word_1_114' title='bbox 485 1595 692 1676; x_wconf 78' lang='lat' dir='ltr'><strong>provocetione</strong></span> <span class='ocrx_word' id='word_1_115' title='bbox 705 1603 915 1656; x_wconf 67' lang='lat' dir='ltr'><strong>testamentum</strong></span> <span class='ocrx_word' id='word_1_116' title='bbox 933 1594 1165 1675; x_wconf 81' lang='lat' dir='ltr'><strong>conjunxissent,</strong></span> <span class='ocrx_word' id='word_1_117' title='bbox 1179 1589 1351 1652; x_wconf 76' lang='lat' dir='ltr'><strong>detrectetio</strong></span> 
     </span>
     <span class='ocr_line' id='line_1_15' title="bbox 252 1687 1352 1768; baseline -0.003 -21"><span class='ocrx_word' id='word_1_118' title='bbox 252 1701 320 1746; x_wconf 85' lang='lat' dir='ltr'><strong>mee</strong></span> <span class='ocrx_word' id='word_1_119' title='bbox 332 1688 481 1768; x_wconf 85' lang='lat' dir='ltr'><strong>operiendi</strong></span> <span class='ocrx_word' id='word_1_120' title='bbox 495 1687 617 1748; x_wconf 78' lang='lat' dir='ltr'><strong>rationis</strong></span> <span class='ocrx_word' id='word_1_121' title='bbox 635 1688 746 1768; x_wconf 87' lang='lat' dir='ltr'><strong>eliquid</strong></span> <span class='ocrx_word' id='word_1_122' title='bbox 764 1689 937 1750; x_wconf 78' lang='lat' dir='ltr'><strong>bubuissett</strong></span> <span class='ocrx_word' id='word_1_123' title='bbox 957 1703 1027 1750; x_wconf 86' lang='lat' dir='ltr'><strong>oum</strong></span> <span class='ocrx_word' id='word_1_124' title='bbox 1038 1703 1110 1748; x_wconf 81' lang='lat' dir='ltr'><strong>reso</strong></span> <span class='ocrx_word' id='word_1_125' title='bbox 1122 1695 1279 1764; x_wconf 79' lang='lat' dir='ltr'><strong>suumque</strong></span> <span class='ocrx_word' id='word_1_126' title='bbox 1296 1697 1352 1744; x_wconf 82' lang='lat' dir='ltr'><strong>suc</strong></span> 
     </span>
     <span class='ocr_line' id='line_1_16' title="bbox 251 1769 1353 1862; baseline -0.002 -24"><span class='ocrx_word' id='word_1_127' title='bbox 251 1777 419 1841; x_wconf 88' lang='lat' dir='ltr'><strong>testimonio</strong></span> <span class='ocrx_word' id='word_1_128' title='bbox 431 1780 624 1861; x_wconf 80' lang='lat' dir='ltr'><strong>conjungent,</strong></span> <span class='ocrx_word' id='word_1_129' title='bbox 638 1791 669 1842; x_wconf 88' lang='lat' dir='ltr'><strong>ot</strong></span> <span class='ocrx_word' id='word_1_130' title='bbox 679 1781 795 1862; x_wconf 79' lang='lat' dir='ltr'><strong>jndices</strong></span> <span class='ocrx_word' id='word_1_131' title='bbox 808 1797 894 1861; x_wconf 73' lang='lat' dir='ltr'><strong>oque</strong></span> <span class='ocrx_word' id='word_1_132' title='bbox 905 1781 1098 1852; x_wconf 66' lang='lat' dir='ltr'><strong>audivissent,</strong></span> <span class='ocrx_word' id='word_1_133' title='bbox 1111 1779 1182 1858; x_wconf 85' lang='lat' dir='ltr'><strong>quid</strong></span> <span class='ocrx_word' id='word_1_134' title='bbox 1195 1778 1266 1838; x_wconf 88' lang='lat' dir='ltr'><strong>milri</strong></span> <span class='ocrx_word' id='word_1_135' title='bbox 1278 1769 1353 1837; x_wconf 79' lang='lat' dir='ltr'><strong>lueri</strong></span> 
     </span>
     <span class='ocr_line' id='line_1_17' title="bbox 251 1870 1353 1952; baseline -0.005 -18"><span class='ocrx_word' id='word_1_136' title='bbox 251 1871 391 1934; x_wconf 73' lang='lat' dir='ltr'><strong>ederebct</strong></span> <span class='ocrx_word' id='word_1_137' title='bbox 416 1873 616 1936; x_wconf 68' lang='lat' dir='ltr'><strong>detrectatio?</strong></span> <span class='ocrx_word' id='word_1_138' title='bbox 652 1875 733 1934; x_wconf 86' lang='lat' dir='ltr'><strong>Nihil</strong></span> <span class='ocrx_word' id='word_1_139' title='bbox 752 1875 864 1952; x_wconf 85' lang='lat' dir='ltr'><strong>utique.</strong></span> <span class='ocrx_word' id='word_1_140' title='bbox 915 1873 983 1932; x_wconf 88' lang='lat' dir='ltr'><strong>lrno</strong></span> <span class='ocrx_word' id='word_1_141' title='bbox 1001 1883 1103 1932; x_wconf 88' lang='lat' dir='ltr'><strong>oontre</strong></span> <span class='ocrx_word' id='word_1_142' title='bbox 1128 1872 1238 1948; x_wconf 85' lang='lat' dir='ltr'><strong>potius,</strong></span> <span class='ocrx_word' id='word_1_143' title='bbox 1258 1870 1353 1930; x_wconf 64' lang='lat' dir='ltr'><strong>Aenea</strong></span> 
     </span>
     <span class='ocr_line' id='line_1_18' title="bbox 251 1960 1357 2044; baseline -0.006 -18"><span class='ocrx_word' id='word_1_144' title='bbox 251 1965 380 2041; x_wconf 77' lang='lat' dir='ltr'><strong>menses,</strong></span> <span class='ocrx_word' id='word_1_145' title='bbox 394 1968 449 2028; x_wconf 87' lang='lat' dir='ltr'><strong>etei</strong></span> <span class='ocrx_word' id='word_1_146' title='bbox 467 1967 585 2026; x_wconf 84' lang='lat' dir='ltr'><strong>minime</strong></span> <span class='ocrx_word' id='word_1_147' title='bbox 597 1973 806 2044; x_wconf 81' lang='lat' dir='ltr'><strong>prouoeessent</strong></span> <span class='ocrx_word' id='word_1_148' title='bbox 823 1960 875 2037; x_wconf 88' lang='lat' dir='ltr'><strong>illi,</strong></span> <span class='ocrx_word' id='word_1_149' title='bbox 889 1973 920 2023; x_wconf 88' lang='lat' dir='ltr'><strong>et</strong></span> <span class='ocrx_word' id='word_1_150' title='bbox 938 1976 1074 2024; x_wconf 77' lang='lat' dir='ltr'><strong>sermone</strong></span> <span class='ocrx_word' id='word_1_151' title='bbox 1093 1971 1209 2022; x_wconf 81' lang='lat' dir='ltr'><strong>tuntum</strong></span> <span class='ocrx_word' id='word_1_152' title='bbox 1227 1961 1357 2026; x_wconf 73' lang='lat' dir='ltr'><strong>luissent</strong></span> 
     </span>
     <span class='ocr_line' id='line_1_19' title="bbox 252 2052 1357 2135; baseline -0.001 -17"><span class='ocrx_word' id='word_1_153' title='bbox 252 2056 523 2132; x_wconf 64' lang='lat' dir='ltr'><strong>senmourmae</strong></span> <span class='ocrx_word' id='word_1_154' title='bbox 540 2056 582 2116; x_wconf 84' lang='lat' dir='ltr'><strong>ele</strong></span> <span class='ocrx_word' id='word_1_155' title='bbox 596 2055 701 2135; x_wconf 84' lang='lat' dir='ltr'><strong>uliquis</strong></span> <span class='ocrx_word' id='word_1_156' title='bbox 715 2054 845 2128; x_wconf 84' lang='lat' dir='ltr'><strong>tubules,</strong></span> <span class='ocrx_word' id='word_1_157' title='bbox 857 2064 892 2115; x_wconf 90' lang='lat' dir='ltr'><strong>ut</strong></span> <span class='ocrx_word' id='word_1_158' title='bbox 904 2064 1122 2127; x_wconf 86' lang='lat' dir='ltr'><strong>testementnm,</strong></span> <span class='ocrx_word' id='word_1_159' title='bbox 1135 2069 1233 2114; x_wconf 83' lang='lat' dir='ltr'><strong>meum</strong></span> <span class='ocrx_word' id='word_1_160' title='bbox 1245 2052 1357 2116; x_wconf 78' lang='lat' dir='ltr'><strong>irn&#39;sset</strong></span> 
     </span>
     <span class='ocr_line' id='line_1_20' title="bbox 252 2144 1354 2231; baseline -0.001 -21"><span class='ocrx_word' id='word_1_161' title='bbox 252 2165 422 2231; x_wconf 75' lang='lat' dir='ltr'><strong>provocare,</strong></span> <span class='ocrx_word' id='word_1_162' title='bbox 435 2161 530 2212; x_wconf 84' lang='lat' dir='ltr'><strong>otene</strong></span> <span class='ocrx_word' id='word_1_163' title='bbox 544 2149 664 2230; x_wconf 77' lang='lat' dir='ltr'><strong>operire.</strong></span> <span class='ocrx_word' id='word_1_164' title='bbox 693 2147 748 2222; x_wconf 83' lang='lat' dir='ltr'><strong>Ut,</strong></span> <span class='ocrx_word' id='word_1_165' title='bbox 762 2144 788 2210; x_wconf 91' lang='lat' dir='ltr'><strong>si</strong></span> <span class='ocrx_word' id='word_1_166' title='bbox 801 2149 860 2210; x_wconf 82' lang='lat' dir='ltr'><strong>ulie</strong></span> <span class='ocrx_word' id='word_1_167' title='bbox 871 2149 1006 2229; x_wconf 75' lang='lat' dir='ltr'><strong>quedem</strong></span> <span class='ocrx_word' id='word_1_168' title='bbox 1019 2164 1108 2227; x_wconf 84' lang='lat' dir='ltr'><strong>quum</strong></span> <span class='ocrx_word' id='word_1_169' title='bbox 1117 2167 1184 2227; x_wconf 73' lang='lat' dir='ltr'><strong>qne</strong></span> <span class='ocrx_word' id='word_1_170' title='bbox 1196 2147 1245 2207; x_wconf 88' lang='lat' dir='ltr'><strong>isti</strong></span> <span class='ocrx_word' id='word_1_171' title='bbox 1258 2155 1354 2209; x_wconf 81' lang='lat' dir='ltr'><strong>teste·</strong></span> 
     </span>
     <span class='ocr_line' id='line_1_21' title="bbox 252 2239 1354 2322; baseline -0.002 -20"><span class='ocrx_word' id='word_1_172' title='bbox 252 2251 355 2307; x_wconf 88' lang='lat' dir='ltr'><strong>rentur</strong></span> <span class='ocrx_word' id='word_1_173' title='bbox 373 2241 513 2322; x_wconf 75' lang='lat' dir='ltr'><strong>inscripta</strong></span> <span class='ocrx_word' id='word_1_174' title='bbox 533 2251 645 2319; x_wconf 85' lang='lat' dir='ltr'><strong>essent,</strong></span> <span class='ocrx_word' id='word_1_175' title='bbox 659 2249 751 2303; x_wconf 87' lang='lat' dir='ltr'><strong>testes</strong></span> <span class='ocrx_word' id='word_1_176' title='bbox 769 2239 1059 2302; x_wconf 82' lang='lat' dir='ltr'><strong>ecircumstentibue</strong></span> <span class='ocrx_word' id='word_1_177' title='bbox 1081 2240 1191 2300; x_wconf 87' lang='lat' dir='ltr'><strong>multos</strong></span> <span class='ocrx_word' id='word_1_178' title='bbox 1214 2239 1354 2309; x_wconf 72' lang='lat' dir='ltr'><strong>iacerem,</strong></span> 
     </span>
     <span class='ocr_line' id='line_1_22' title="bbox 253 2333 1353 2424; baseline -0.002 -28"><span class='ocrx_word' id='word_1_179' title='bbox 253 2351 349 2416; x_wconf 83' lang='lat' dir='ltr'><strong>eoque</strong></span> <span class='ocrx_word' id='word_1_180' title='bbox 369 2345 542 2416; x_wconf 69' lang='lat' dir='ltr'><strong>regimento</strong></span> <span class='ocrx_word' id='word_1_181' title='bbox 563 2345 672 2397; x_wconf 75' lang='lat' dir='ltr'><strong>cetere</strong></span> <span class='ocrx_word' id='word_1_182' title='bbox 688 2351 806 2416; x_wconf 85' lang='lat' dir='ltr'><strong>quoque</strong></span> <span class='ocrx_word' id='word_1_183' title='bbox 823 2353 878 2396; x_wconf 90' lang='lat' dir='ltr'><strong>eos</strong></span> <span class='ocrx_word' id='word_1_184' title='bbox 890 2334 1069 2424; x_wconf 78' lang='lat' dir='ltr'><strong>confinxisse</strong></span> <span class='ocrx_word' id='word_1_185' title='bbox 1080 2333 1286 2395; x_wconf 74' lang='lat' dir='ltr'><strong>ostenderem:</strong></span> <span class='ocrx_word' id='word_1_186' title='bbox 1305 2334 1353 2394; x_wconf 85' lang='lat' dir='ltr'><strong>ein</strong></span> 
     </span>
     <span class='ocr_line' id='line_1_23' title="bbox 253 2427 1352 2510; baseline -0.002 -21"><span class='ocrx_word' id='word_1_187' title='bbox 253 2445 290 2489; x_wconf 84' lang='lat' dir='ltr'><strong>ee</strong></span> <span class='ocrx_word' id='word_1_188' title='bbox 301 2429 441 2510; x_wconf 79' lang='lat' dir='ltr'><strong>inscripto</strong></span> <span class='ocrx_word' id='word_1_189' title='bbox 452 2427 590 2500; x_wconf 80' lang='lat' dir='ltr'><strong>briesent,</strong></span> <span class='ocrx_word' id='word_1_190' title='bbox 606 2429 644 2489; x_wconf 85' lang='lat' dir='ltr'><strong>sb</strong></span> <span class='ocrx_word' id='word_1_191' title='bbox 657 2441 694 2488; x_wconf 90' lang='lat' dir='ltr'><strong>eo</strong></span> <span class='ocrx_word' id='word_1_192' title='bbox 705 2429 758 2507; x_wconf 75' lang='lat' dir='ltr'><strong>qui</strong></span> <span class='ocrx_word' id='word_1_193' title='bbox 769 2428 953 2489; x_wconf 71' lang='lat' dir='ltr'>exhibuisset</span> <span class='ocrx_word' id='word_1_194' title='bbox 965 2428 1162 2510; x_wconf 65' lang='lat' dir='ltr'><strong>postulassem</strong></span> <span class='ocrx_word' id='word_1_195' title='bbox 1174 2437 1208 2487; x_wconf 90' lang='lat' dir='ltr'><strong>nt</strong></span> <span class='ocrx_word' id='word_1_196' title='bbox 1221 2427 1285 2508; x_wconf 90' lang='lat' dir='ltr'><strong>ipse</strong></span> <span class='ocrx_word' id='word_1_197' title='bbox 1304 2433 1352 2487; x_wconf 85' lang='lat' dir='ltr'><strong>te·</strong></span> 
     </span>
     <span class='ocr_line' id='line_1_24' title="bbox 254 2509 1352 2600; baseline 0 -20"><span class='ocrx_word' id='word_1_198' title='bbox 254 2529 390 2591; x_wconf 70' lang='lat' dir='ltr'><strong>sumtus,</strong></span> <span class='ocrx_word' id='word_1_199' title='bbox 403 2515 457 2600; x_wconf 85' lang='lat' dir='ltr'><strong>qni</strong></span> <span class='ocrx_word' id='word_1_200' title='bbox 468 2521 494 2581; x_wconf 90' lang='lat' dir='ltr'><strong>si</strong></span> <span class='ocrx_word' id='word_1_201' title='bbox 506 2509 648 2582; x_wconf 78' lang='lat' dir='ltr'><strong>uoluisset</strong></span> <span class='ocrx_word' id='word_1_202' title='bbox 654 2521 814 2581; x_wconf 80' lang='lat' dir='ltr'><strong>obnoxium</strong></span> <span class='ocrx_word' id='word_1_203' title='bbox 824 2536 892 2582; x_wconf 87' lang='lat' dir='ltr'><strong>eum</strong></span> <span class='ocrx_word' id='word_1_204' title='bbox 901 2521 1079 2595; x_wconf 73' lang='lat' dir='ltr'><strong>habuissem,</strong></span> <span class='ocrx_word' id='word_1_205' title='bbox 1093 2521 1138 2581; x_wconf 91' lang='lat' dir='ltr'><strong>sin</strong></span> <span class='ocrx_word' id='word_1_206' title='bbox 1146 2519 1352 2592; x_wconf 68' lang='lat' dir='ltr'><strong>detrectasset,</strong></span> 
     </span>
     <span class='ocr_line' id='line_1_25' title="bbox 252 2605 1351 2694; baseline 0 -22"><span class='ocrx_word' id='word_1_207' title='bbox 252 2627 353 2674; x_wconf 78' lang='lat' dir='ltr'><strong>rumne</strong></span> <span class='ocrx_word' id='word_1_208' title='bbox 375 2613 407 2672; x_wconf 93' lang='lat' dir='ltr'><strong>id</strong></span> <span class='ocrx_word' id='word_1_209' title='bbox 430 2615 502 2674; x_wconf 81' lang='lat' dir='ltr'><strong>sutis</strong></span> <span class='ocrx_word' id='word_1_210' title='bbox 525 2605 691 2694; x_wconf 75' lang='lat' dir='ltr'><strong>argumenti</strong></span> <span class='ocrx_word' id='word_1_211' title='bbox 712 2613 784 2673; x_wconf 88' lang='lat' dir='ltr'><strong>mibi</strong></span> <span class='ocrx_word' id='word_1_212' title='bbox 802 2613 907 2674; x_wconf 83' lang='lat' dir='ltr'><strong>inisset</strong></span> <span class='ocrx_word' id='word_1_213' title='bbox 925 2633 988 2675; x_wconf 83' lang='lat' dir='ltr'><strong>rem</strong></span> <span class='ocrx_word' id='word_1_214' title='bbox 1011 2632 1078 2676; x_wconf 88' lang='lat' dir='ltr'><strong>esse</strong></span> <span class='ocrx_word' id='word_1_215' title='bbox 1099 2611 1351 2674; x_wconf 75' lang='lat' dir='ltr'><strong>commentitium:</strong></span> 
     </span>
     <span class='ocr_line' id='line_1_26' title="bbox 255 2704 1352 2784; baseline 0.002 -21"><span class='ocrx_word' id='word_1_216' title='bbox 255 2704 326 2784; x_wconf 76' lang='lat' dir='ltr'><strong>quin</strong></span> <span class='ocrx_word' id='word_1_217' title='bbox 339 2705 428 2765; x_wconf 82' lang='lat' dir='ltr'><strong>etium</strong></span> <span class='ocrx_word' id='word_1_218' title='bbox 450 2721 486 2766; x_wconf 87' lang='lat' dir='ltr'><strong>eo</strong></span> <span class='ocrx_word' id='word_1_219' title='bbox 499 2706 588 2766; x_wconf 85' lang='lat' dir='ltr'><strong>modu</strong></span> <span class='ocrx_word' id='word_1_220' title='bbox 602 2705 759 2766; x_wconf 83' lang='lat' dir='ltr'><strong>occidisset</strong></span> <span class='ocrx_word' id='word_1_221' title='bbox 770 2715 805 2765; x_wconf 86' lang='lat' dir='ltr'><strong>ut</strong></span> <span class='ocrx_word' id='word_1_222' title='bbox 817 2705 887 2765; x_wconf 83' lang='lat' dir='ltr'><strong>mihi</strong></span> <span class='ocrx_word' id='word_1_223' title='bbox 900 2723 968 2766; x_wconf 85' lang='lat' dir='ltr'><strong>oum</strong></span> <span class='ocrx_word' id='word_1_224' title='bbox 985 2721 1045 2767; x_wconf 88' lang='lat' dir='ltr'><strong>uno</strong></span> <span class='ocrx_word' id='word_1_225' title='bbox 1065 2715 1217 2778; x_wconf 73' lang='lat' dir='ltr'><strong>mosset,</strong></span> <span class='ocrx_word' id='word_1_226' title='bbox 1233 2714 1269 2766; x_wconf 89' lang='lat' dir='ltr'><strong>ut</strong></span> <span class='ocrx_word' id='word_1_227' title='bbox 1279 2719 1352 2765; x_wconf 82' lang='lat' dir='ltr'><strong>reso</strong></span> 
     </span>
     <span class='ocr_line' id='line_1_27' title="bbox 252 2795 1353 2878; baseline -0.002 -20"><span class='ocrx_word' id='word_1_228' title='bbox 252 2797 300 2858; x_wconf 86' lang='lat' dir='ltr'><strong>isti</strong></span> <span class='ocrx_word' id='word_1_229' title='bbox 313 2807 470 2871; x_wconf 77' lang='lat' dir='ltr'><strong>tesmntur,</strong></span> <span class='ocrx_word' id='word_1_230' title='bbox 483 2815 553 2858; x_wconf 87' lang='lat' dir='ltr'><strong>oum</strong></span> <span class='ocrx_word' id='word_1_231' title='bbox 570 2797 678 2860; x_wconf 79' lang='lat' dir='ltr'><strong>mult&#39;e.</strong></span> <span class='ocrx_word' id='word_1_232' title='bbox 720 2797 776 2858; x_wconf 89' lang='lat' dir='ltr'><strong>Est</strong></span> <span class='ocrx_word' id='word_1_233' title='bbox 788 2814 829 2858; x_wconf 89' lang='lat' dir='ltr'><strong>us</strong></span> <span class='ocrx_word' id='word_1_234' title='bbox 840 2807 970 2859; x_wconf 76' lang='lat' dir='ltr'><strong>seruum</strong></span> <span class='ocrx_word' id='word_1_235' title='bbox 983 2799 1098 2878; x_wconf 84' lang='lat' dir='ltr'><strong>uliquis,</strong></span> <span class='ocrx_word' id='word_1_236' title='bbox 1118 2799 1170 2878; x_wconf 81' lang='lat' dir='ltr'><strong>qni</strong></span> <span class='ocrx_word' id='word_1_237' title='bbox 1180 2798 1244 2857; x_wconf 81' lang='lat' dir='ltr'><strong>bec</strong></span> <span class='ocrx_word' id='word_1_238' title='bbox 1256 2795 1353 2857; x_wconf 85' lang='lat' dir='ltr'><strong>melu-</strong></span> 
     </span>
     <span class='ocr_line' id='line_1_28' title="bbox 253 2886 1353 2970; baseline 0 -22"><span class='ocrx_word' id='word_1_239' title='bbox 253 2888 347 2949; x_wconf 87' lang='lat' dir='ltr'><strong>iseeti</strong></span> <span class='ocrx_word' id='word_1_240' title='bbox 381 2889 524 2970; x_wconf 80' lang='lat' dir='ltr'><strong>Equidem</strong></span> <span class='ocrx_word' id='word_1_241' title='bbox 545 2890 650 2970; x_wconf 85' lang='lat' dir='ltr'><strong>opinor</strong></span> <span class='ocrx_word' id='word_1_242' title='bbox 669 2905 735 2952; x_wconf 86' lang='lat' dir='ltr'><strong>esse</strong></span> <span class='ocrx_word' id='word_1_243' title='bbox 750 2891 907 2950; x_wconf 85' lang='lat' dir='ltr'><strong>neminem.</strong></span> <span class='ocrx_word' id='word_1_244' title='bbox 949 2886 1076 2950; x_wconf 83' lang='lat' dir='ltr'><strong>Proinde</strong></span> <span class='ocrx_word' id='word_1_245' title='bbox 1089 2909 1145 2950; x_wconf 90' lang='lat' dir='ltr'><strong>nec</strong></span> <span class='ocrx_word' id='word_1_246' title='bbox 1158 2889 1197 2949; x_wconf 89' lang='lat' dir='ltr'><strong>de</strong></span> <span class='ocrx_word' id='word_1_247' title='bbox 1210 2886 1268 2948; x_wconf 86' lang='lat' dir='ltr'><strong>ello</strong></span> <span class='ocrx_word' id='word_1_248' title='bbox 1288 2907 1353 2948; x_wconf 67' lang='lat' dir='ltr'><strong>ere</strong></span> 
     </span>
     <span class='ocr_line' id='line_1_29' title="bbox 255 2981 1352 3064; baseline -0.002 -20"><span class='ocrx_word' id='word_1_249' title='bbox 255 2985 415 3047; x_wconf 85' lang='lat' dir='ltr'><strong>deteidem</strong></span> <span class='ocrx_word' id='word_1_250' title='bbox 434 2981 556 3046; x_wconf 76' lang='lat' dir='ltr'><strong>deteris</strong></span> <span class='ocrx_word' id='word_1_251' title='bbox 599 2985 727 3057; x_wconf 58' lang='lat' dir='ltr'><strong>Ennium,</strong></span> <span class='ocrx_word' id='word_1_252' title='bbox 746 2984 949 3055; x_wconf 77' lang='lat' dir='ltr'><strong>Athenienses,</strong></span> <span class='ocrx_word' id='word_1_253' title='bbox 963 3001 1090 3062; x_wconf 73' lang='lat' dir='ltr'><strong>queres</strong></span> <span class='ocrx_word' id='word_1_254' title='bbox 1105 2982 1352 3064; x_wconf 84' lang='lat' dir='ltr'><strong>perirecnndiem</strong></span> 
     </span>
     <span class='ocr_line' id='line_1_30' title="bbox 253 3068 1353 3158; baseline 0.001 -22"><span class='ocrx_word' id='word_1_255' title='bbox 253 3077 339 3152; x_wconf 84' lang='lat' dir='ltr'><strong>flunt,</strong></span> <span class='ocrx_word' id='word_1_256' title='bbox 352 3090 405 3139; x_wconf 84' lang='lat' dir='ltr'><strong>out</strong></span> <span class='ocrx_word' id='word_1_257' title='bbox 419 3089 536 3158; x_wconf 81' lang='lat' dir='ltr'><strong>propter</strong></span> <span class='ocrx_word' id='word_1_258' title='bbox 556 3078 626 3136; x_wconf 86' lang='lat' dir='ltr'><strong>lucri</strong></span> <span class='ocrx_word' id='word_1_259' title='bbox 650 3077 775 3156; x_wconf 77' lang='lat' dir='ltr'><strong>sleujus</strong></span> <span class='ocrx_word' id='word_1_260' title='bbox 797 3068 1025 3155; x_wconf 73' lang='lat' dir='ltr'><strong>perceptionem,</strong></span> <span class='ocrx_word' id='word_1_261' title='bbox 1045 3087 1099 3137; x_wconf 81' lang='lat' dir='ltr'><strong>sut</strong></span> <span class='ocrx_word' id='word_1_262' title='bbox 1121 3077 1209 3138; x_wconf 80' lang='lat' dir='ltr'><strong>enimi</strong></span> <span class='ocrx_word' id='word_1_263' title='bbox 1230 3077 1353 3156; x_wconf 82' lang='lat' dir='ltr'><strong>impetu,</strong></span> 
     </span>
     <span class='ocr_line' id='line_1_31' title="bbox 255 3161 1353 3251; baseline -0.001 -20"><span class='ocrx_word' id='word_1_264' title='bbox 255 3171 507 3232; x_wconf 84' lang='lat' dir='ltr'><strong>eut·esmuletione</strong></span> <span class='ocrx_word' id='word_1_265' title='bbox 525 3169 798 3241; x_wconf 70' lang='lat' dir='ltr'><strong>commonuisses</strong></span> <span class='ocrx_word' id='word_1_266' title='bbox 816 3186 863 3229; x_wconf 88' lang='lat' dir='ltr'><strong>res</strong></span> <span class='ocrx_word' id='word_1_267' title='bbox 883 3161 969 3228; x_wconf 76' lang='lat' dir='ltr'><strong>nlit&#39;er</strong></span> <span class='ocrx_word' id='word_1_268' title='bbox 986 3170 1047 3248; x_wconf 82' lang='lat' dir='ltr'><strong>geri</strong></span> <span class='ocrx_word' id='word_1_269' title='bbox 1067 3172 1106 3231; x_wconf 85' lang='lat' dir='ltr'><strong>eb</strong></span> <span class='ocrx_word' id='word_1_270' title='bbox 1121 3169 1185 3248; x_wconf 82' lang='lat' dir='ltr'><strong>eliis</strong></span> <span class='ocrx_word' id='word_1_271' title='bbox 1205 3179 1295 3251; x_wconf 91' lang='lat' dir='ltr'><strong>prout</strong></span> <span class='ocrx_word' id='word_1_272' title='bbox 1306 3171 1353 3230; x_wconf 89' lang='lat' dir='ltr'><strong>ln-</strong></span> 
     </span>
     <span class='ocr_line' id='line_1_32' title="bbox 255 3254 1354 3343; baseline 0.003 -22"><span class='ocrx_word' id='word_1_273' title='bbox 255 3263 343 3342; x_wconf 81' lang='lat' dir='ltr'><strong>genic</strong></span> <span class='ocrx_word' id='word_1_274' title='bbox 356 3275 386 3322; x_wconf 91' lang='lat' dir='ltr'><strong>et</strong></span> <span class='ocrx_word' id='word_1_275' title='bbox 400 3280 492 3322; x_wconf 87' lang='lat' dir='ltr'><strong>mores</strong></span> <span class='ocrx_word' id='word_1_276' title='bbox 505 3262 649 3341; x_wconf 89' lang='lat' dir='ltr'><strong>cujusque</strong></span> <span class='ocrx_word' id='word_1_277' title='bbox 664 3262 772 3335; x_wconf 86' lang='lat' dir='ltr'><strong>ferunt,</strong></span> <span class='ocrx_word' id='word_1_278' title='bbox 781 3261 857 3320; x_wconf 81' lang='lat' dir='ltr'><strong>nibil</strong></span> <span class='ocrx_word' id='word_1_279' title='bbox 871 3262 1023 3341; x_wconf 87' lang='lat' dir='ltr'><strong>probibet:</strong></span> <span class='ocrx_word' id='word_1_280' title='bbox 1044 3254 1181 3343; x_wconf 81' lang='lat' dir='ltr'><strong>equibus</strong></span> <span class='ocrx_word' id='word_1_281' title='bbox 1195 3275 1293 3324; x_wconf 86' lang='lat' dir='ltr'><strong>eutem</strong></span> <span class='ocrx_word' id='word_1_282' title='bbox 1305 3283 1354 3324; x_wconf 84' lang='lat' dir='ltr'><strong>re-</strong></span> 
     </span>
     <span class='ocr_line' id='line_1_33' title="bbox 254 3352 1354 3432; baseline 0.003 -18"><span class='ocrx_word' id='word_1_283' title='bbox 254 3355 311 3414; x_wconf 89' lang='lat' dir='ltr'><strong>bus</strong></span> <span class='ocrx_word' id='word_1_284' title='bbox 325 3353 390 3412; x_wconf 84' lang='lat' dir='ltr'><strong>huec</strong></span> <span class='ocrx_word' id='word_1_285' title='bbox 404 3352 502 3412; x_wconf 79' lang='lat' dir='ltr'><strong>omnia</strong></span> <span class='ocrx_word' id='word_1_286' title='bbox 519 3363 631 3413; x_wconf 84' lang='lat' dir='ltr'><strong>remote</strong></span> <span class='ocrx_word' id='word_1_287' title='bbox 649 3365 728 3427; x_wconf 90' lang='lat' dir='ltr'><strong>sunt,</strong></span> <span class='ocrx_word' id='word_1_288' title='bbox 740 3363 772 3413; x_wconf 89' lang='lat' dir='ltr'><strong>et</strong></span> <span class='ocrx_word' id='word_1_289' title='bbox 784 3373 876 3432; x_wconf 87' lang='lat' dir='ltr'><strong>quum</strong></span> <span class='ocrx_word' id='word_1_290' title='bbox 897 3354 971 3414; x_wconf 83' lang='lat' dir='ltr'><strong>rutio</strong></span> <span class='ocrx_word' id='word_1_291' title='bbox 990 3353 1123 3420; x_wconf 83' lang='lat' dir='ltr'><strong>utilitatis</strong></span> <span class='ocrx_word' id='word_1_292' title='bbox 1137 3356 1241 3416; x_wconf 82' lang='lat' dir='ltr'><strong>sedato</strong></span> <span class='ocrx_word' id='word_1_293' title='bbox 1254 3355 1354 3417; x_wconf 78' lang='lat' dir='ltr'><strong>animo</strong></span> 
     </span>
     <span class='ocr_line' id='line_1_34' title="bbox 256 3443 1353 3528; baseline 0 -22"><span class='ocrx_word' id='word_1_294' title='bbox 256 3445 381 3518; x_wconf 81' lang='lat' dir='ltr'><strong>ducitur,</strong></span> <span class='ocrx_word' id='word_1_295' title='bbox 395 3444 461 3523; x_wconf 88' lang='lat' dir='ltr'><strong>quis</strong></span> <span class='ocrx_word' id='word_1_296' title='bbox 476 3445 517 3504; x_wconf 80' lang='lat' dir='ltr'><strong>itu</strong></span> <span class='ocrx_word' id='word_1_297' title='bbox 528 3463 639 3504; x_wconf 75' lang='lat' dir='ltr'><strong>vaecors</strong></span> <span class='ocrx_word' id='word_1_298' title='bbox 653 3457 708 3518; x_wconf 85' lang='lat' dir='ltr'><strong>eet,</strong></span> <span class='ocrx_word' id='word_1_299' title='bbox 723 3455 758 3505; x_wconf 86' lang='lat' dir='ltr'><strong>ut</strong></span> <span class='ocrx_word' id='word_1_300' title='bbox 770 3446 886 3509; x_wconf 84' lang='lat' dir='ltr'><strong>omissis</strong></span> <span class='ocrx_word' id='word_1_301' title='bbox 898 3443 1068 3526; x_wconf 78' lang='lat' dir='ltr'><strong>profuturis,</strong></span> <span class='ocrx_word' id='word_1_302' title='bbox 1082 3466 1118 3507; x_wconf 84' lang='lat' dir='ltr'><strong>ee</strong></span> <span class='ocrx_word' id='word_1_303' title='bbox 1128 3447 1271 3526; x_wconf 81' lang='lat' dir='ltr'><strong>deligeret</strong></span> <span class='ocrx_word' id='word_1_304' title='bbox 1285 3467 1353 3528; x_wconf 80' lang='lat' dir='ltr'><strong>quse</strong></span> 
     </span>
     <span class='ocr_line' id='line_1_35' title="bbox 256 3536 1353 3622; baseline 0.003 -24"><span class='ocrx_word' id='word_1_305' title='bbox 256 3557 353 3598; x_wconf 77' lang='lat' dir='ltr'><strong>censer</strong></span> <span class='ocrx_word' id='word_1_306' title='bbox 366 3536 516 3597; x_wconf 77' lang='lat' dir='ltr'><strong>victorium</strong></span> <span class='ocrx_word' id='word_1_307' title='bbox 536 3537 700 3598; x_wconf 70' lang='lat' dir='ltr'><strong>lederent?</strong></span> <span class='ocrx_word' id='word_1_308' title='bbox 730 3536 807 3596; x_wconf 82' lang='lat' dir='ltr'><strong>Nem</strong></span> <span class='ocrx_word' id='word_1_309' title='bbox 824 3537 883 3610; x_wconf 87' lang='lat' dir='ltr'><strong>isti,</strong></span> <span class='ocrx_word' id='word_1_310' title='bbox 896 3556 963 3616; x_wconf 72' lang='lat' dir='ltr'><strong>quer</strong></span> <span class='ocrx_word' id='word_1_311' title='bbox 982 3557 1037 3599; x_wconf 88' lang='lat' dir='ltr'><strong>nec</strong></span> <span class='ocrx_word' id='word_1_312' title='bbox 1051 3539 1203 3600; x_wconf 75' lang='lat' dir='ltr'><strong>credibilis</strong></span> <span class='ocrx_word' id='word_1_313' title='bbox 1214 3559 1271 3602; x_wconf 87' lang='lat' dir='ltr'><strong>nec</strong></span> <span class='ocrx_word' id='word_1_314' title='bbox 1284 3559 1353 3622; x_wconf 89' lang='lat' dir='ltr'><strong>pro·</strong></span> 
     </span>
     <span class='ocr_line' id='line_1_36' title="bbox 255 3629 902 3704; baseline -0.003 -11"><span class='ocrx_word' id='word_1_315' title='bbox 255 3629 363 3694; x_wconf 70' lang='lat' dir='ltr'><strong>babilis</strong></span> <span class='ocrx_word' id='word_1_316' title='bbox 374 3639 455 3704; x_wconf 81' lang='lat' dir='ltr'><strong>sunt,</strong></span> <span class='ocrx_word' id='word_1_317' title='bbox 466 3649 503 3691; x_wconf 79' lang='lat' dir='ltr'><strong>ee</strong></span> <span class='ocrx_word' id='word_1_318' title='bbox 515 3640 585 3690; x_wconf 86' lang='lat' dir='ltr'><strong>sunt</strong></span> <span class='ocrx_word' id='word_1_319' title='bbox 596 3629 748 3690; x_wconf 76' lang='lat' dir='ltr'><strong>testiflouti</strong></span> <span class='ocrx_word' id='word_1_320' title='bbox 758 3629 902 3691; x_wconf 69' lang='lat' dir='ltr'><strong>donnus.</strong></span> 
     </span>
    </p>

    <p class='ocr_par' dir='ltr' id='par_1_6' title="bbox 255 3722 1354 4550">
     <span class='ocr_line' id='line_1_37' title="bbox 296 3722 1353 3804; baseline 0.003 -21"><span class='ocrx_word' id='word_1_321' title='bbox 296 3726 326 3784; x_wconf 83' lang='lat'><strong>5.</strong></span> <span class='ocrx_word' id='word_1_322' title='bbox 348 3722 456 3802; x_wconf 81' lang='lat' dir='ltr'><strong>Neque</strong></span> <span class='ocrx_word' id='word_1_323' title='bbox 469 3741 537 3784; x_wconf 85' lang='lat' dir='ltr'><strong>vero</strong></span> <span class='ocrx_word' id='word_1_324' title='bbox 556 3741 594 3783; x_wconf 87' lang='lat' dir='ltr'><strong>err</strong></span> <span class='ocrx_word' id='word_1_325' title='bbox 613 3740 650 3783; x_wconf 91' lang='lat' dir='ltr'><strong>eo</strong></span> <span class='ocrx_word' id='word_1_326' title='bbox 670 3723 766 3782; x_wconf 89' lang='lat' dir='ltr'><strong>solum</strong></span> <span class='ocrx_word' id='word_1_327' title='bbox 777 3724 864 3802; x_wconf 77' lang='lat' dir='ltr'><strong>tpuod</strong></span> <span class='ocrx_word' id='word_1_328' title='bbox 883 3740 930 3784; x_wconf 87' lang='lat' dir='ltr'><strong>me</strong></span> <span class='ocrx_word' id='word_1_329' title='bbox 949 3723 1065 3784; x_wconf 79' lang='lat' dir='ltr'><strong>tubulus</strong></span> <span class='ocrx_word' id='word_1_330' title='bbox 1088 3725 1199 3804; x_wconf 81' lang='lat' dir='ltr'><strong>operire</strong></span> <span class='ocrx_word' id='word_1_331' title='bbox 1221 3725 1353 3786; x_wconf 83' lang='lat' dir='ltr'><strong>noluisse</strong></span> 
     </span>
     <span class='ocr_line' id='line_1_38' title="bbox 256 3801 1352 3896; baseline 0 -21"><span class='ocrx_word' id='word_1_332' title='bbox 256 3821 348 3876; x_wconf 80' lang='lat' dir='ltr'><strong>testes</strong></span> <span class='ocrx_word' id='word_1_333' title='bbox 369 3813 516 3886; x_wconf 85' lang='lat' dir='ltr'><strong>dixerunt,</strong></span> <span class='ocrx_word' id='word_1_334' title='bbox 532 3833 631 3875; x_wconf 85' lang='lat' dir='ltr'><strong>eorum</strong></span> <span class='ocrx_word' id='word_1_335' title='bbox 656 3801 842 3873; x_wconf 78' lang='lat' dir='ltr'><strong>menducium</strong></span> <span class='ocrx_word' id='word_1_336' title='bbox 858 3815 1040 3896; x_wconf 85' lang='lat' dir='ltr'><strong>perspicitur,</strong></span> <span class='ocrx_word' id='word_1_337' title='bbox 1061 3815 1114 3874; x_wconf 90' lang='lat' dir='ltr'><strong>sed</strong></span> <span class='ocrx_word' id='word_1_338' title='bbox 1135 3815 1243 3875; x_wconf 81' lang='lat' dir='ltr'><strong>exilio</strong></span> <span class='ocrx_word' id='word_1_339' title='bbox 1264 3817 1352 3876; x_wconf 87' lang='lat' dir='ltr'><strong>etiem</strong></span> 
     </span>
     <span class='ocr_line' id='line_1_39' title="bbox 255 3906 1352 3991; baseline 0.003 -24"><span class='ocrx_word' id='word_1_340' title='bbox 255 3907 337 3989; x_wconf 88' lang='lat' dir='ltr'><strong>qnod</strong></span> <span class='ocrx_word' id='word_1_341' title='bbox 360 3907 525 3968; x_wconf 90' lang='lat' dir='ltr'><strong>testimonio</strong></span> <span class='ocrx_word' id='word_1_342' title='bbox 550 3927 604 3968; x_wconf 86' lang='lat' dir='ltr'><strong>suo</strong></span> <span class='ocrx_word' id='word_1_343' title='bbox 622 3906 857 3987; x_wconf 76' lang='lat' dir='ltr'><strong>provocationem</strong></span> <span class='ocrx_word' id='word_1_344' title='bbox 874 3927 941 3968; x_wconf 87' lang='lat' dir='ltr'><strong>curn</strong></span> <span class='ocrx_word' id='word_1_345' title='bbox 960 3917 1139 3970; x_wconf 79' lang='lat' dir='ltr'><strong>testamento</strong></span> <span class='ocrx_word' id='word_1_346' title='bbox 1157 3907 1352 3991; x_wconf 83' lang='lat' dir='ltr'><strong>conjungunt.</strong></span> 
     </span>
     <span class='ocr_line' id='line_1_40' title="bbox 257 4001 1353 4082; baseline 0.005 -22"><span class='ocrx_word' id='word_1_347' title='bbox 257 4003 387 4062; x_wconf 84' lang='lat' dir='ltr'><strong>Arbitror</strong></span> <span class='ocrx_word' id='word_1_348' title='bbox 409 4003 484 4062; x_wconf 89' lang='lat' dir='ltr'><strong>enim</strong></span> <span class='ocrx_word' id='word_1_349' title='bbox 507 4001 579 4062; x_wconf 85' lang='lat' dir='ltr'><strong>scire</strong></span> <span class='ocrx_word' id='word_1_350' title='bbox 604 4021 705 4061; x_wconf 89' lang='lat' dir='ltr'><strong>omnes</strong></span> <span class='ocrx_word' id='word_1_351' title='bbox 718 4021 782 4074; x_wconf 85' lang='lat' dir='ltr'><strong>vos,</strong></span> <span class='ocrx_word' id='word_1_352' title='bbox 795 4021 862 4080; x_wconf 82' lang='lat' dir='ltr'><strong>quse</strong></span> <span class='ocrx_word' id='word_1_353' title='bbox 884 4021 930 4064; x_wconf 84' lang='lat' dir='ltr'><strong>ree</strong></span> <span class='ocrx_word' id='word_1_354' title='bbox 948 4001 1046 4069; x_wconf 78' lang='lat' dir='ltr'><strong>afferri</strong></span> <span class='ocrx_word' id='word_1_355' title='bbox 1063 4003 1103 4065; x_wconf 81' lang='lat' dir='ltr'><strong>ed</strong></span> <span class='ocrx_word' id='word_1_356' title='bbox 1121 4023 1174 4069; x_wconf 70' lang='lat' dir='ltr'><strong>tot</strong></span> <span class='ocrx_word' id='word_1_357' title='bbox 1192 4013 1353 4082; x_wconf 81' lang='lat' dir='ltr'><strong>noqueunt.</strong></span> 
     </span>
     <span class='ocr_line' id='line_1_41' title="bbox 257 4093 1353 4174; baseline 0.005 -22"><span class='ocrx_word' id='word_1_358' title='bbox 257 4111 357 4152; x_wconf 81' lang='lat' dir='ltr'><strong>esrum</strong></span> <span class='ocrx_word' id='word_1_359' title='bbox 379 4112 474 4153; x_wconf 88' lang='lat' dir='ltr'><strong>rerum</strong></span> <span class='ocrx_word' id='word_1_360' title='bbox 496 4093 627 4154; x_wconf 78' lang='lat' dir='ltr'><strong>inventes</strong></span> <span class='ocrx_word' id='word_1_361' title='bbox 647 4113 714 4154; x_wconf 89' lang='lat' dir='ltr'><strong>esse</strong></span> <span class='ocrx_word' id='word_1_362' title='bbox 731 4094 970 4172; x_wconf 83' lang='lat' dir='ltr'><strong>provocationes:</strong></span> <span class='ocrx_word' id='word_1_363' title='bbox 993 4095 1093 4166; x_wconf 79' lang='lat' dir='ltr'><strong>veluti,</strong></span> <span class='ocrx_word' id='word_1_364' title='bbox 1108 4097 1286 4174; x_wconf 85' lang='lat' dir='ltr'><strong>quesstiones</strong></span> <span class='ocrx_word' id='word_1_365' title='bbox 1298 4097 1353 4157; x_wconf 83' lang='lat' dir='ltr'><strong>he·</strong></span> 
     </span>
     <span class='ocr_line' id='line_1_42' title="bbox 256 4185 1354 4268; baseline 0.004 -23"><span class='ocrx_word' id='word_1_366' title='bbox 256 4185 627 4248; x_wconf 79' lang='lat' dir='ltr'><strong>bericorem·vobis·neles</strong></span> <span class='ocrx_word' id='word_1_367' title='bbox 643 4197 699 4259; x_wconf 81' lang='lat' dir='ltr'><strong>eet,</strong></span> <span class='ocrx_word' id='word_1_368' title='bbox 723 4187 789 4266; x_wconf 85' lang='lat' dir='ltr'><strong>ejus</strong></span> <span class='ocrx_word' id='word_1_369' title='bbox 811 4186 853 4244; x_wconf 84' lang='lat' dir='ltr'><strong>rei</strong></span> <span class='ocrx_word' id='word_1_370' title='bbox 871 4203 996 4248; x_wconf 82' lang='lat' dir='ltr'><strong>necesse</strong></span> <span class='ocrx_word' id='word_1_371' title='bbox 1016 4199 1148 4248; x_wconf 84' lang='lat' dir='ltr'><strong>estesse</strong></span> <span class='ocrx_word' id='word_1_372' title='bbox 1167 4189 1354 4268; x_wconf 72' lang='lat' dir='ltr'><strong>prouocatio·</strong></span> 
     </span>
     <span class='ocr_line' id='line_1_43' title="bbox 257 4278 1353 4362; baseline 0.005 -24"><span class='ocrx_word' id='word_1_373' title='bbox 257 4289 345 4344; x_wconf 65' lang='lat' dir='ltr'><strong>neme</strong></span> <span class='ocrx_word' id='word_1_374' title='bbox 363 4278 443 4352; x_wconf 74' lang='lat' dir='ltr'><strong>item,</strong></span> <span class='ocrx_word' id='word_1_375' title='bbox 464 4281 489 4339; x_wconf 88' lang='lat' dir='ltr'><strong>si</strong></span> <span class='ocrx_word' id='word_1_376' title='bbox 513 4281 588 4361; x_wconf 86' lang='lat' dir='ltr'><strong>quid</strong></span> <span class='ocrx_word' id='word_1_377' title='bbox 604 4291 687 4343; x_wconf 78' lang='lat' dir='ltr'><strong>extre</strong></span> <span class='ocrx_word' id='word_1_378' title='bbox 708 4288 838 4340; x_wconf 66' lang='lat' dir='ltr'><strong>nocuum</strong></span> <span class='ocrx_word' id='word_1_379' title='bbox 858 4280 1007 4359; x_wconf 81' lang='lat' dir='ltr'><strong>regionem</strong></span> <span class='ocrx_word' id='word_1_380' title='bbox 1030 4283 1140 4342; x_wconf 69' lang='lat' dir='ltr'><strong>imum</strong></span> <span class='ocrx_word' id='word_1_381' title='bbox 1157 4292 1205 4346; x_wconf 87' lang='lat' dir='ltr'><strong>eet</strong></span> <span class='ocrx_word' id='word_1_382' title='bbox 1225 4283 1353 4362; x_wconf 58' lang='lat' dir='ltr'><strong>nemum,</strong></span> 
     </span>
     <span class='ocr_line' id='line_1_44' title="bbox 257 4370 1352 4455; baseline 0.003 -23"><span class='ocrx_word' id='word_1_383' title='bbox 257 4387 378 4432; x_wconf 84' lang='lat' dir='ltr'><strong>neeeeee</strong></span> <span class='ocrx_word' id='word_1_384' title='bbox 395 4383 444 4432; x_wconf 85' lang='lat' dir='ltr'><strong>eet</strong></span> <span class='ocrx_word' id='word_1_385' title='bbox 459 4383 490 4432; x_wconf 87' lang='lat' dir='ltr'><strong>et</strong></span> <span class='ocrx_word' id='word_1_386' title='bbox 507 4374 572 4454; x_wconf 81' lang='lat' dir='ltr'><strong>ejus</strong></span> <span class='ocrx_word' id='word_1_387' title='bbox 584 4373 703 4436; x_wconf 69' lang='lat' dir='ltr'><strong>emeret</strong></span> <span class='ocrx_word' id='word_1_388' title='bbox 717 4373 965 4454; x_wconf 72' lang='lat' dir='ltr'><strong>provocationem,</strong></span> <span class='ocrx_word' id='word_1_389' title='bbox 979 4383 1015 4432; x_wconf 88' lang='lat' dir='ltr'><strong>ut</strong></span> <span class='ocrx_word' id='word_1_390' title='bbox 1032 4391 1069 4434; x_wconf 90' lang='lat' dir='ltr'><strong>eo</strong></span> <span class='ocrx_word' id='word_1_391' title='bbox 1080 4370 1128 4434; x_wconf 82' lang='lat' dir='ltr'><strong>rel</strong></span> <span class='ocrx_word' id='word_1_392' title='bbox 1140 4376 1296 4455; x_wconf 71' lang='lat' dir='ltr'><strong>redgerus</strong></span> <span class='ocrx_word' id='word_1_393' title='bbox 1306 4375 1352 4436; x_wconf 80' lang='lat' dir='ltr'><strong>esi</strong></span> 
     </span>
     <span class='ocr_line' id='line_1_45' title="bbox 257 4466 1350 4550; baseline 0 -20"><span class='ocrx_word' id='word_1_394' title='bbox 257 4476 341 4530; x_wconf 73' lang='lat' dir='ltr'><strong>utor</strong></span> <span class='ocrx_word' id='word_1_395' title='bbox 352 4466 494 4530; x_wconf 72' lang='lat' dir='ltr'><strong>ubtnou</strong></span> <span class='ocrx_word' id='word_1_396' title='bbox 505 4473 572 4536; x_wconf 72' lang='lat' dir='ltr'><strong>ests</strong></span> <span class='ocrx_word' id='word_1_397' title='bbox 593 4469 774 4547; x_wconf 76' lang='lat' dir='ltr'><strong>sinumque</strong></span> <span class='ocrx_word' id='word_1_398' title='bbox 784 4467 919 4530; x_wconf 74' lang='lat' dir='ltr'><strong>similium</strong></span> <span class='ocrx_word' id='word_1_399' title='bbox 932 4485 1039 4527; x_wconf 84' lang='lat' dir='ltr'><strong>rernm.</strong></span> <span class='ocrx_word' id='word_1_400' title='bbox 1070 4467 1133 4532; x_wconf 78' lang='lat' dir='ltr'><strong>Sed</strong></span> <span class='ocrx_word' id='word_1_401' title='bbox 1142 4468 1196 4528; x_wconf 84' lang='lat' dir='ltr'><strong>obi</strong></span> <span class='ocrx_word' id='word_1_402' title='bbox 1208 4485 1257 4530; x_wconf 82' lang='lat' dir='ltr'><strong>ree</strong></span> <span class='ocrx_word' id='word_1_403' title='bbox 1269 4469 1350 4550; x_wconf 80' lang='lat' dir='ltr'><strong>ipset</strong></span> 
     </span>
    </p>
   </div>
   <div class='ocr_carea' id='block_1_6' title="bbox 0 0 1496 5017">
    <p class='ocr_par' dir='ltr' id='par_1_7' title="bbox 0 0 1496 5017">
     <span class='ocr_line' id='line_1_46' title="bbox 0 0 1496 5017; baseline 0 0"><span class='ocrx_word' id='word_1_404' title='bbox 0 0 1496 5017; x_wconf 95' lang='lat' dir='ltr'><strong> </strong></span> 
     </span>
    </p>
   </div>
  </div>
 </body>
</html>
