2967 5017
247 323 306 384 116
609 316 655 376 ΙΝ
675 301 1019 375 (ΠΕΒῙΡΗΟΝΤΕΜι

246 473 355 536 auditis
368 475 408 534 oh
421 493 489 554 quse
502 481 585 534 erent
601 469 747 538 morituri,
769 483 866 545 neque
879 463 920 524 nd
939 467 1119 520 mortuorum
1139 450 1282 522 melos,
1301 447 1352 508 ed
1464 507 1465 510 ,

244 567 372 628 cederes
390 565 580 636 madum,
601 561 736 641 eoguads
748 553 942 620 conveniendi
964 550 1079 630 oopim
1092 547 1236 606 iecerunt.
1261 541 1351 618 Ergo

247 681 300 724 ces
320 662 371 742 qni
387 681 480 741 remp.
495 659 699 722 administrant
721 655 751 715 in
775 661 918 736 potestate
940 655 1038 708 vestm
1052 664 1113 705 nen
1133 627 1351 702 conhuehiu'sl
1464 689 1465 706 ,

238 755 319 815 ¹bien
331 773 383 815 eos
396 757 446 835 qui
460 773 540 814 nnnc
553 752 622 812 elati
634 748 792 810 insolentia
801 756 871 807 sunt
882 742 1044 804 submissos
1059 731 1253 814 ablegohitisi
1273 731 1352 788 Non

247 847 429 918 meministis,
438 865 588 925 nnnqnsm
599 861 774 923 quemquem
785 839 865 920 prius
876 855 909 897 se
923 835 962 894 sd
975 833 1140 900 lihertsttm
1153 823 1254 906 pepuli
1265 821 1352 882 dilu-
1464 911 1465 914 Ἴ

237 940 354 1002 sudem
374 939 550 1014 woinmne,
568 957 658 1018 quam
672 935 850 1016 judiciorum
863 929 1036 990 ancnrtnts
1048 925 1142 1001 major
1155 915 1304 980 evaserint
1464 917 1465 970 t

162 1033 166 1039 ’
290 1036 343 1094 87.
364 1032 500 1093 lebenter
511 1031 661 1110 equidem,
677 1026 886 1095 Athenienses,
900 1021 1040 1082 rationem
1055 1033 1153 1075 eoram
1169 1011 1253 1072 vohis
1274 1008 1353 1066 inire

249 1123 338 1184 velim
351 1142 421 1184 curn
442 1125 500 1184 iste
513 1124 564 1202 qui
583 1123 736 1182 decretum
757 1115 883 1194 scripsit,
905 1127 1040 1190 quosnam
1062 1113 1181 1185 propter
1203 1098 1353 1160 benefieis

160 1219 168 1228 ’
251 1217 483 1278 Demosthenem
496 1225 616 1276 censent
627 1229 738 1274 corone
750 1227 818 1270 esse
832 1201 1011 1266 donandum.
1032 1199 1110 1258 Nam
1128 1197 1152 1254 si
1166 1193 1251 1265 dicis,
1267 1191 1352 1250 unde

249 1311 418 1388 suspicstns
438 1327 471 1368 es
484 1309 646 1377 decretum,
664 1313 818 1385 propterea
831 1297 912 1378 qued
925 1297 1021 1356 fossas
1040 1289 1183 1350 moenihus
1202 1285 1353 1344 obductas

250 1401 354 1482 pulcre
365 1401 564 1480 descripserit,
578 1399 703 1459 demirer
714 1407 753 1455 te.
776 1393 854 1453 Nam
868 1392 898 1450 in
913 1407 1001 1448 censs
1013 1384 1108 1444 fuisse
1118 1399 1170 1440 cnr
1183 1379 1249 1438 ista
1259 1395 1353 1434 exes-
1464 1473 1465 1478 W

250 1493 404 1553 taric-sint
412 1493 529 1572 culpem
543 1492 633 1550 hehet
642 1487 814 1568 gravierem,
824 1501 913 1562 quem
926 1499 993 1559 qnee
1005 1477 1109 1559 pulcra
1122 1469 1284 1532 earundem
1297 1467 1353 1526 de·

251 1585 410 1666 scriptione
420 1588 547 1644 sinetur:
573 1601 632 1643 non
647 1583 735 1653 enim,
749 1577 829 1659 quod
844 1593 942 1636 rnuros
958 1569 1120 1638 obvallarit,
1135 1563 1216 1643 qnod
1229 1561 1355 1642 publice

251 1679 389 1758 sepulcre
402 1676 531 1750 diruerit,
543 1675 636 1736 fidum
649 1681 765 1754 oportet
777 1667 945 1750 reipublicae
955 1661 1218 1726 sdministrsterem
1231 1652 1355 1734 proemie

253 1768 411 1847 postulare,
433 1769 486 1828 sed
499 1768 581 1846 qnod
592 1769 702 1826 henum
725 1763 846 1841 aliquod
869 1757 979 1820 civitati
999 1751 1183 1832 compararit
1216 1747 1308 1814 Quod
1328 1747 1354 1806 si
1464 1802 1465 1832 3

252 1861 405 1920 senimad
420 1862 580 1920 secundnm
594 1857 704 1920 decreti
715 1849 1190 1934 partem,inqneserihereansus
1202 1840 1354 1910 es,virnm
1464 1837 1465 1929 ζ

254 1953 362 2011 bonum
379 1971 444 2011 esse
463 1971 530 2011 enm
551 1960 641 2027 atque
657 1967 695 2008 ea
706 1955 876 2007 constanter
889 1953 921 2004 et
933 1943 1029 2002 dicere
1044 1947 1074 1998 et
1090 1937 1186 1996 fecere
1199 1953 1268 2012 quae
1289 1949 1354 1990 ma·
1464 1957 1465 2006 r

253 2043 332 2102 sine
340 2044 428 2102 sinte
440 2061 474 2102 re
486 2042 589 2121 populi
600 2039 801 2108 Atheniensis,
815 2035 942 2112 demptis
957 2052 995 2092 err
1010 2031 1133 2089 decreto
1144 2025 1354 2104 arrogantianc

235 2167 239 2180 ι
249 2133 412 2213 heudone
421 2135 576 2194 verborum
587 2134 626 2193 sd
638 2133 719 2192 lecta
727 2129 802 2200 redi,
813 2125 938 2188 ostende
947 2123 1032 2183 nobis
1044 2119 1116 2198 quid
1125 2120 1164 2180 s'rt
1176 2117 1258 2196 quod
1267 2116 1351 2175 dicis.
1464 2181 1465 2184 Ἴ

255 2227 397 2292 erestus
410 2228 487 2287 enim
502 2226 647 2299 sordidos,
660 2244 737 2304 quos
749 2225 779 2282 in
792 2223 880 2280 rebus
894 2213 1094 2296 Amphissanis
1109 2219 1195 2290 atque
1214 2207 1354 2267 Euboicis

254 2319 334 2391 iecit,
346 2310 555 2398 praetermittet
575 2339 644 2378 cnm
657 2336 728 2376 rere
739 2311 892 2374 societstis
901 2327 969 2369 crnu
982 2303 1132 2366 Thebanis
1146 2303 1234 2362 iactes
1245 2319 1355 2360 censae

256 2409 451 2469 Demostheni
477 2410 631 2479 adscribis,
652 2409 694 2466 rei
714 2405 833 2483 quidem
856 2403 976 2481 igusros
997 2397 1120 2475 decipis,
1141 2413 1192 2453 ees
1212 2409 1283 2451 rere
1304 2393 1356 2470 qni

255 2499 351 2570 edunt
363 2509 453 2576 utque
467 2500 599 2560 sentiunt
610 2496 789 2557 contumelia
802 2494 903 2554 allicis.
933 2489 1013 2550 Nam
1027 2485 1211 2557 dissimulate
1222 2492 1356 2562 tempere
1464 2546 1465 2560 χ

249 2591 427 2668 ablataque
438 2591 544 2650 horum
558 2575 759 2665 amplitudine,
773 2597 968 2663 propterque
981 2581 1045 2640 haec
1060 2579 1186 2640 semotus
1199 2575 1280 2634 fecta
1293 2585 1352 2645 est,

253 2681 328 2741 illud
348 2700 403 2741 nos
422 2683 514 2740 latere
533 2679 692 2751 arbitreris,
715 2688 746 2735 te
768 2673 937 2753 reipublice
960 2671 1132 2748 dignitatem
1157 2665 1355 2726 Demostheni

257 2772 416 2834 finxisse.

296 2867 347 2923 88.
367 2865 486 2932 anntn
498 2872 596 2922 autern
610 2862 676 2920 hoec
691 2861 731 2920 sit
742 2855 920 2934 arrogantis,
929 2869 1039 2931 megne
1051 2869 1103 2910 res
1118 2857 1290 2929 argumento
1299 2869 1353 2909 eo·

252 2959 350 3016 nahor
372 2955 506 3015 edocere.
556 2954 712 3013 Persarum
726 2950 803 3010 enim
823 2966 886 3024 rex,
905 2962 966 3004 nen
980 2945 1074 3004 multe
1088 2953 1159 3002 ante
1175 2961 1262 3021 quem
1281 2941 1356 3001 Ale-

258 3049 370 3110 xander
388 3049 418 3107 in
432 3047 534 3107 Aeiern
547 3045 719 3124 trajecisset,
733 3041 813 3100 misit
833 3039 871 3100 nd
889 3037 1031 3119 populum
1044 3034 1286 3096 contumeliosam
1300 3035 1355 3093 sd-

257 3142 379 3203 modum
391 3149 424 3200 et
439 3141 592 3200 berberem
605 3135 770 3215 epistolam,
789 3134 818 3192 in
832 3151 891 3210 qus
903 3151 971 3190 cum
986 3130 1079 3188 multe
1094 3127 1152 3187 alia
1165 3127 1272 3186 dixerit
1284 3145 1303 3186 a
1318 3126 1358 3185 li·

257 3232 351 3294 beroli
362 3228 713 3308 disciplinanlienissima,
726 3234 791 3284 tum
805 3223 877 3282 illud
892 3223 981 3282 ffiam
990 3219 1046 3280 sub
1058 3221 1118 3278 hoe
1132 3218 1262 3298 scripsit:
1284 3239 1356 3297 ege

259 3323 354 3400 inquit
366 3319 468 3379 robis
492 3335 614 3379 aurum
639 3335 711 3376 non
730 3317 842 3384 dabo:
865 3314 987 3374 nolite
1011 3333 1030 3372 a
1050 3330 1104 3371 me
1121 3322 1259 3389 petere,
1281 3330 1356 3382 nen

262 3413 356 3473 enirn
378 3408 582 3489 accipietis.
607 3409 690 3468 ldem
704 3421 805 3470 temen
817 3407 867 3466 ille
877 3405 1014 3488 periculis
1024 3405 1054 3464 in
1064 3403 1269 3481 quihusetiam
1277 3421 1357 3462 nuuc

146 3521 150 3529 ’
262 3515 393 3567 versetur
404 3503 631 3574 circumvenere,
643 3503 753 3585 popule
774 3501 946 3561 Atheniensi
967 3515 1026 3558 non
1045 3496 1156 3576 petenti
1169 3503 1300 3554 trecento
1312 3505 1359 3555 ta-

261 3601 343 3661 lenta
355 3600 420 3678 ipse
432 3597 511 3656 ultro
532 3596 619 3666 misit,
632 3614 701 3674 quse
714 3596 738 3654 is
752 3595 884 3675 prudens
906 3611 966 3652 nen
989 3589 1114 3668 aceepit.
1148 3585 1236 3654 Quod
1259 3595 1359 3646 autem

160 3705 164 3712 ’
262 3711 368 3752 eurum
381 3689 454 3749 illud
467 3689 544 3748 nobis
554 3687 685 3768 pertulit,
698 3699 815 3767 ternpus
828 3688 895 3756 tuit,
907 3695 1012 3760 meten
1027 3683 1172 3742 sociorum
1185 3680 1360 3758 indigentis.

264 3784 376 3844 lisdem
394 3801 483 3861 perro
495 3781 562 3860 ipsa
572 3792 604 3842 et
622 3765 826 3844 Thebanorum
846 3780 1019 3840 societatem
1031 3774 1203 3835 effecerunt.
1229 3774 1275 3832 'l'u
1289 3793 1361 3835 vere

261 3876 467 3935 'lhehanerum
485 3891 595 3932 nornen
614 3881 646 3932 et
667 3872 898 3933 intelicissimam
918 3870 999 3929 illem
1014 3869 1185 3928 societatem
1200 3883 1315 3944 semper
1326 3865 1359 3924 in

265 3987 316 4027 ore
328 3967 442 4026 hebens
453 3983 507 4023 uos
517 3963 665 4036 obtundis,
678 3964 865 4044 septuaginta
878 3973 977 4022 sutem
989 3961 1100 4020 telcntn
1108 3956 1226 4027 retices,
1240 3975 1308 4038 quse
1321 3975 1360 4016 ex

264 4075 337 4126 sure
347 4057 428 4135 regio
437 4064 588 4136 penoepta
594 4057 740 4116 evertisti.
762 4057 870 4116 Nonne
883 4058 921 4116 eb
935 4054 1063 4132 inopiam
1074 4051 1276 4132 pecuniarum,
1290 4067 1359 4109 curn

266 4153 396 4231 quinque
408 4149 553 4208 duntaxat
564 4149 682 4211 mones
694 4169 762 4226 oper
767 4149 843 4229 finit,
857 4149 966 4207 externi
981 4145 1086 4206 milites
1100 4163 1198 4204 arcem
1211 4142 1359 4203 Thebanis

212 4261 215 4268 ¹
266 4259 327 4300 non
339 4239 543 4300 undiderunti
568 4240 673 4300 Nonne
688 4253 808 4320 prepter
828 4257 933 4299 novem
946 4237 1060 4298 telents
1077 4235 1284 4316 argentinum
1303 4233 1360 4292 Ar-

146 4353 151 4373 ·
266 4333 357 4395 cades
381 4350 485 4392 omnes
509 4330 539 4391 in
559 4333 773 4412 expeditionem
794 4333 1002 4413 egrederentur
1016 4331 1296 4408 'daoesqneeorum
1321 4327 1368 4415 sd,

225 4449 231 4458 “
267 4443 353 4508 opem
372 4423 521 4484 foenum
535 4437 636 4487 essent
648 4427 756 4506 parati,
766 4447 812 4487 res
823 4426 1033 4486 conlectenen
1046 4422 1112 4482 sset
1134 4421 1174 4479 tlt
1185 4429 1217 4479 tu
1230 4419 1313 4479 dines
1325 4439 1359 4478 es
