2967 5017
447 337 665 400 ADVERSUS
688 337 917 400 Potrctssr.
1165 343 1224 404 091

129 507 184 550 ros
209 491 308 552 omnis
331 505 616 567 commemorantem,
639 504 727 576 utque
747 495 777 554 in
794 495 830 556 iis
843 515 911 574 qum
932 493 1030 558 dicem
1047 497 1182 578 omnihus
1195 507 1226 559 et

129 583 388 646 senatusconsulto
401 596 430 644 et
441 585 596 665 plebiscito
608 587 814 666 proferentem,
828 597 858 648 et
869 585 1045 650 testimonie.

169 678 199 734 2.
222 695 338 738 nrrrr.
353 679 400 738 die
420 679 558 745 Quintilis
577 679 697 752 mensis,
712 678 836 740 Molone
849 688 982 760 pretore,
994 679 1137 746 concione
1151 699 1224 740 con-

127 777 243 842 rocsts,
264 788 332 830 curu
356 771 456 830 multe
477 791 648 851 magnoque
669 769 717 832 res
738 771 886 836 nunciato
900 771 981 833 vobis
1000 781 1109 842 essent,
1122 771 1225 832 decre·

127 859 211 922 vistis
220 881 309 926 naves
321 863 512 924 striercrchis
525 863 554 922 in
568 875 683 944 portum
695 863 870 925 trahendas:
891 883 1016 942 qnorum
1029 883 1046 923 e
1059 882 1181 923 numero
1193 873 1226 922 et

127 971 186 1033 ego
198 954 249 1013 fui.
290 955 335 1016 Ac
348 975 415 1036 quse
429 965 491 1017 tum
505 957 672 1037 reipublicse
686 966 818 1036 ternpore
829 956 938 1017 suerint
951 957 981 1016 id
1000 975 1061 1018 non
1074 955 1145 1016 mihi
1157 976 1226 1016 ner·

127 1045 264 1118 randum,
279 1047 333 1108 sed
345 1049 427 1108 vohis
447 1049 518 1129 ipsis
531 1049 742 1110 recordandum
759 1058 814 1121 est,
828 1059 858 1107 et
872 1047 987 1110 Tenum
999 1048 1037 1109 sb
1056 1047 1226 1108 Alexandro

125 1135 222 1197 fuisse
240 1149 412 1218 occupatum
436 1161 471 1202 nc
488 1141 650 1220 direptcm3
672 1151 703 1200 et
723 1139 928 1220 Miltocythem
942 1160 962 1200 n
975 1141 1052 1221 Coty
1067 1141 1224 1213 defecisse,

127 1227 226 1288 missis
250 1230 366 1310 legetis,
389 1233 500 1292 auxilie
518 1232 715 1314 postulantem
733 1242 764 1292 et
777 1233 995 1294 Chersonesum
1007 1233 1223 1301 restituentem

127 1329 158 1381 et
170 1319 396 1398 Proconnesius,
410 1325 506 1386 socios
524 1334 651 1398 nostros,
666 1325 839 1405 implorasse
852 1346 905 1405 pro
918 1327 1059 1392 concione
1071 1344 1156 1406 opem
1169 1345 1224 1384 no·

126 1423 226 1488 mam,
239 1435 306 1476 cunr
319 1436 352 1478 se
366 1435 384 1478 s
398 1417 547 1498 Cyzicenis
561 1431 637 1479 terre
649 1420 778 1498 murique
790 1418 869 1480 bello
883 1421 974 1500 premi
987 1419 1129 1491 dicerent,
1138 1438 1224 1498 roga·

126 1515 249 1587 restque
268 1528 307 1570 ne
324 1529 355 1570 se
377 1511 520 1589 perituros
543 1511 651 1590 alioqui
664 1511 877 1592 negligeremus
886 1532 896 1581 ;
915 1524 1093 1572 mercatores
1106 1512 1175 1570 item
1190 1531 1225 1570 ac

125 1599 318 1660 navicularios
330 1620 347 1660 e
361 1600 458 1662 Ponto
472 1601 629 1674 soluturos,
644 1603 804 1682 Byzantiis,
810 1603 1015 1664 Calchedouiis
1028 1613 1061 1663 et
1073 1602 1226 1681 Cyzicenis

123 1702 244 1772 propter
265 1692 405 1752 frumeuti
419 1692 570 1770 penuriam
587 1713 675 1754 neves
695 1694 935 1772 exceptantibus;
956 1705 987 1754 et
999 1694 1109 1754 vidisse
1129 1695 1225 1754 vorin

123 1783 241 1845 Piroeeo
256 1783 393 1843 frumenti
412 1784 536 1863 pretium
546 1803 740 1846 cresccrcnec
751 1786 1012 1865 magnemcopiem
1028 1786 1162 1848 venalem
1179 1808 1225 1850 re·

121 1875 219 1956 periri.
259 1876 335 1944 Ques
349 1895 415 1935 oum
430 1896 482 1938 ros
496 1897 533 1937 ex
546 1878 589 1938 eis
603 1888 664 1938 turn
679 1896 731 1957 pro
742 1876 884 1938 concione
897 1877 1037 1938 audiretis
1050 1889 1080 1938 et
1093 1881 1224 1958 patronis

123 1988 236 2040 eorum,
247 1968 418 2030 trierarchos
427 1989 516 2030 neven
530 1971 708 2050 protrahere,
718 1971 755 2030 ad
765 1971 875 2030 vallum
885 1972 1050 2050 pervehere,
1061 1983 1092 2033 et
1104 1993 1124 2034 o
1137 1993 1223 2035 senc-

122 2061 235 2122 toribus
258 2079 293 2120 cc
317 2061 532 2140 tribunlsplebis
560 2061 692 2122 delectus
717 2061 819 2122 heberi
838 2063 1028 2143 municipum,
1044 2075 1148 2126 nautes
1170 2067 1223 2126 de·

126 2151 245 2230 signari,
260 2152 383 2214 classem
406 2173 494 2232 quem
517 2153 640 2234 primurn
665 2154 805 2234 ablegari,
819 2163 850 2216 et
871 2155 989 2234 singule
1010 2156 1040 2214 in
1062 2157 1129 2219 loce
1147 2159 1224 2220 mitti

125 2244 233 2308 auxilie
240 2244 381 2324 jussistis.
422 2245 520 2325 Atque
532 2245 564 2306 id
577 2246 796 2327 Aristophontis
810 2247 960 2310 decretum
974 2248 1052 2310 vicit.

549 2467 795 2528 DECRETUM.

166 2621 198 2679 ³.
217 2617 377 2708 ¹Decretum
391 2620 554 2694 audivistis,
567 2621 588 2682 J
591 2621 698 2682 udices.
742 2623 808 2702 Ego
825 2641 904 2694 sero,
922 2641 991 2682 cum
1011 2623 1081 2682 mibi
1092 2632 1223 2684 nautea

124 2711 319 2791 municipibus
339 2712 446 2774 delecti
467 2733 527 2774 non
547 2714 601 2772 nisi
619 2714 704 2792 puuci
722 2713 801 2791 iique
819 2712 977 2774 imbecilles
996 2715 1158 2787 venissent,
1171 2734 1223 2775 eos

123 2803 242 2886 quidem
264 2805 367 2866 missos
388 2806 465 2866 feci:
487 2815 517 2868 et
533 2805 730 2886 oppigneratis
747 2806 817 2865 meis
832 2805 949 2885 opibus,
962 2806 1116 2884 pecuniam
1129 2816 1224 2865 mutu-

123 2907 201 2970 atus,
216 2897 325 2977 primus
348 2898 466 2978 impleri
490 2918 605 2968 novem,
626 2897 780 2957 conductis
801 2897 898 2958 nentis
918 2915 1007 2974 quum
1027 2897 1089 2955 lieri
1106 2907 1222 2978 poterat

124 2989 299 3064 lectissimis,
319 2990 486 3056 muneribus
509 3000 539 3052 et
560 2987 716 3068 congiariis
733 2988 810 3048 dotis
831 2987 953 3067 singulis
970 3006 1070 3047 eorurn
1089 2987 1221 3066 mugnis:

123 3092 266 3162 preterea
274 3081 396 3162 propriis
408 3083 592 3150 armamentis
607 3091 697 3140 totam
711 3099 816 3140 narem
830 3078 963 3148 instruxi,
971 3097 1066 3156 neque
1076 3095 1092 3137 e
1102 3078 1223 3158 publico

125 3175 281 3255 quicquam
292 3175 403 3254 accepi,
414 3185 444 3235 et
457 3193 545 3254 quem
559 3172 640 3253 potui
655 3171 845 3252 pulcherrime
859 3180 891 3231 et
903 3169 1135 3251 splendidissime
1148 3171 1224 3232 inter

124 3266 298 3328 trierarchos
313 3266 458 3328 exemeri.
486 3266 653 3346 Remigium
666 3264 755 3343 igitur
765 3263 846 3343 quod
858 3262 938 3344 potui
951 3262 1223 3342 prestantissimum

125 3359 265 3420 conduxi.
306 3357 410 3438 Neque
428 3378 508 3431 sero,
522 3358 655 3429 iudices,
671 3356 700 3416 in
723 3357 832 3416 triremi
854 3367 916 3415 tum
936 3356 1109 3417 instruenda
1127 3357 1223 3417 solum

125 3463 225 3514 notos
238 3462 372 3532 sumptus
387 3452 455 3525 feci,
470 3450 627 3512 sedetiam
639 3449 782 3529 pecunioe,
792 3468 881 3528 quam
894 3447 932 3508 sd
946 3447 1128 3510 educendam
1146 3449 1224 3510 cles-

124 3565 188 3606 sern
210 3546 336 3608 conferri
354 3545 495 3625 jussistis,
518 3565 577 3606 non
597 3544 741 3604 minimam
767 3557 878 3624 partem
899 3543 982 3625 vobis
1004 3545 1107 3604 obtuli.
1148 3545 1224 3603 Cum

125 3641 204 3701 enim
217 3640 312 3701 risum
326 3649 408 3701 esset
418 3639 500 3700 robis
515 3639 553 3700 erl
567 3638 746 3718 municipum
759 3637 915 3697 utilitatem
934 3646 968 3696 ut
980 3637 1122 3720 referrent
1139 3655 1224 3695 sena·

124 3743 206 3794 tores
219 3733 332 3813 eosqui
346 3731 491 3814 principes
510 3731 645 3792 collaturi
663 3740 765 3790 essent
785 3739 845 3789 tarn
866 3729 941 3788 inter
962 3730 1121 3809 municipes
1135 3746 1224 3806 quom

123 3825 202 3886 iuter
223 3845 274 3886 cos
296 3825 346 3904 qui
369 3827 399 3885 in
421 3823 584 3905 municipiis
605 3823 715 3904 proedis
730 3821 882 3895 heberent,
895 3821 1018 3882 relatum
1040 3821 1098 3881 fnit
1116 3839 1224 3880 nornen

126 3939 225 3980 meum
246 3919 276 3981 in
300 3918 392 3979 tribus
417 3916 589 3997 municipiis,
604 3926 758 3996 propterea
775 3914 854 3994 quod
872 3915 1034 3975 manifestes
1054 3921 1137 3973 erant
1150 3932 1224 3972 mers

126 4013 294 4074 iscultstes.
336 4011 438 4090 Neque
452 4031 510 4090 ego
523 4011 552 4070 in
565 4009 611 4070 hir
620 4009 775 4088 quicquum
788 4019 929 4070 consutus
943 4005 1073 4077 rumve}
1082 4024 1129 4064 mc
1141 4005 1224 4079 trire-

126 4125 205 4168 mem
218 4105 362 4166 instrucrs
376 4104 422 4164 vel
434 4105 504 4165 bine
517 4121 607 4186 quero
617 4101 861 4163 simul'sustinere
871 4119 930 4160 non
944 4097 1098 4182 posse,vel
1109 4097 1224 4177 legrhos

126 4198 157 4258 id
172 4199 361 4260 interdictum
375 4217 451 4268 esse,
463 4197 516 4258 serl
532 4197 625 4276 primo
639 4195 749 4256 tribute
760 4195 871 4274 primus
884 4191 1028 4274 pependi;
1049 4210 1145 4270 nsque
1157 4191 1225 4252 rcd-

127 4291 186 4372 cgi
197 4311 266 4353 nsrn
287 4301 320 4352 et
337 4301 400 4352 tum
417 4289 591 4350 trierarchus
610 4287 779 4368 reipublice
798 4305 889 4346 censo
907 4303 1031 4364 peregre
1052 4285 1179 4355 cherum,
1194 4293 1226 4343 et

127 4395 196 4464 post
208 4389 342 4448 reuersus
351 4386 431 4446 bons
443 4383 563 4445 nomina
571 4383 633 4462 jam
647 4383 685 4442 sb
698 4380 762 4442 eliis
771 4389 889 4452 exacte,
899 4377 977 4439 mols
987 4377 1107 4458 reliquo,
1119 4377 1224 4457 depre-

17 4545 18 4552 ¹
126 4476 228 4541 hcndi.
272 4477 347 4540 llaec
359 4489 394 4538 ut
411 4496 511 4538 vetes
527 4494 575 4536 me
589 4473 648 4536 dici
661 4483 787 4544 constet,
801 4471 969 4534 testimonia
981 4471 1064 4534 vobis
1077 4470 1223 4550 legentur,
