2967 5017
259 331 318 389 65!
481 327 526 389 nt
547 325 754 388 EVERGUM
769 325 821 387 ET
839 321 1126 386 transmittunt.

258 479 471 550 continebatur,
485 488 515 539 te
529 479 642 540 tradere
656 477 809 538 mulierem
822 475 959 538 voluisse.
1005 474 1075 534 lam
1083 487 1201 532 musam
1218 477 1355 540 scimus,

258 589 418 652 usquamne
440 570 587 632 mulierem
608 570 795 630 introduxisti
813 569 844 630 in
862 565 1051 649 pretoriuml
1085 563 1176 642 Atqui
1198 562 1359 641 oportebat

259 685 337 736 euru,
351 665 375 724 si
388 653 457 725 vera
468 674 578 731 essent,
593 683 658 742 que
670 681 736 722 eum
746 662 889 722 obtulisse
902 662 1016 732 dicunt,
1035 659 1066 718 in
1080 657 1231 718 sortitione
1244 652 1358 732 judici·

260 777 353 829 orum,
366 758 496 818 adducta
515 757 644 828 muliere,
658 755 843 834 adhibitoque
858 773 1003 834 precone,
1013 755 1118 833 jubere
1132 769 1178 809 me
1193 750 1218 810 si
1232 747 1357 827 questi·

261 867 347 910 onem
358 849 464 910 babere
477 849 515 910 ds
530 869 565 910 ea
577 849 690 919 vellem,
704 860 735 908 et
747 849 870 909 ludices
883 846 1080 926 ingredientes
1094 852 1184 903 testes
1196 842 1306 912 iacere,
1319 859 1357 900 se

261 961 326 1002 mm
340 941 413 1002 velle
428 942 559 1002 tradere:
580 962 660 1002 nuno
684 942 755 1001 inco
776 940 871 1002 verbis
893 942 982 1010 iacto,
996 938 1075 999 falsis
1094 935 1266 996 testimoniis
1284 953 1357 1012 pro·

261 1035 370 1104 ductis,
384 1055 421 1094 ne
435 1055 515 1095 nunc
527 1034 644 1112 quidem
659 1034 749 1092 audet
760 1033 876 1092 tradere
890 1032 1052 1101 mulierem,
1063 1044 1264 1107 sepenumero
1275 1044 1295 1084 n
1306 1044 1357 1084 me

263 1135 438 1204 provocatus
452 1137 482 1186 et
499 1125 674 1206 postulatus,
691 1136 721 1184 ut
742 1126 825 1186 vobis
847 1136 939 1186 testes
960 1123 1010 1204 qui
1032 1123 1189 1184 interfuere
1209 1120 1358 1180 dixerunt.

264 1217 370 1276 Recita
384 1217 452 1277 mihi
467 1218 565 1278 denuo
580 1217 754 1278 testimonia.

675 1436 941 1497 TESTIMONIA.

304 1579 334 1636 7.
357 1575 506 1638 Enarrabo
520 1588 617 1640 eutem
631 1578 724 1651 vobis,
737 1577 869 1648 ludices,
884 1575 964 1636 unde
977 1572 1047 1634 mibi
1065 1573 1265 1636 controuersia
1285 1593 1355 1636 curn

264 1667 452 1748 Theophemo
466 1671 504 1731 sit
516 1682 588 1744 orta,
603 1682 636 1730 ut
649 1671 746 1732 sciatis
758 1690 817 1730 non
831 1689 878 1729 me
891 1669 985 1729 solnm
999 1668 1097 1747 iniquo
1108 1687 1160 1747 per
1170 1686 1236 1726 eum
1246 1666 1358 1746 judicio

265 1759 503 1838 circumventum,
523 1764 654 1846 deceptis
673 1765 833 1846 judicibus,
856 1763 910 1823 sed
930 1771 961 1822 et
981 1771 1115 1823 senatum
1132 1759 1357 1840 quingentorum

264 1853 367 1914 eadem
391 1857 536 1918 sententia
554 1877 621 1918 esse
640 1858 887 1925 condemnatum
909 1863 996 1932 atque
1014 1855 1214 1914 auctoritatem
1227 1862 1357 1932 ereptam

261 1945 379 2024 judiciis
393 1949 497 2008 vestris
511 1959 541 2008 et
555 1949 679 2008 decretis
693 1958 724 2007 et
741 1948 866 2025 legibus,
880 1965 915 2005 ac
928 1946 1143 2022 magistratibus
1153 1944 1257 2003 vestris
1268 1944 1356 2004 iidem

266 2055 331 2096 esse
345 2037 513 2114 abrogatam
529 2049 559 2096 et
573 2037 663 2096 literis
678 2038 707 2096 in
721 2038 794 2116 pilas
807 2036 912 2096 relatis.
955 2037 1023 2102 Quo
1036 2047 1134 2094 autern
1145 2043 1245 2112 pacto,
1258 2035 1290 2094 id
1299 2054 1358 2115 ego

266 2147 320 2188 vos
334 2128 502 2206 singulatim
516 2129 657 2188 edocebo.
681 2129 753 2188 Mihi
767 2147 834 2189 curo
844 2127 1032 2207 Tbeopbemo
1041 2127 1111 2186 dnm
1125 2125 1182 2186 vixi
1195 2127 1355 2206 priusnibil

264 2213 392 2298 unquam
405 2222 570 2282 commercii
584 2222 648 2292 suit,
664 2223 746 2281 nullo
764 2223 979 2287 commessatio.
990 2221 1088 2278 nulius
1102 2238 1193 2289 amor,
1207 2231 1258 2280 aut
1276 2240 1360 2282 com·

264 2314 385 2392 potatio.
399 2325 443 2384 ut,
457 2314 503 2372 vel
517 2313 620 2392 injuria
633 2314 731 2392 aliqua
744 2315 870 2374 irritatus
881 2313 927 2372 rel
936 2313 1086 2392 voluptate
1099 2311 1196 2390 aliqua
1205 2312 1359 2390 impulsus,

264 2405 327 2484 ejus
340 2403 419 2465 sedes
433 2405 617 2464 invaderem:
640 2405 694 2464 sed
714 2405 839 2464 decretis
852 2406 966 2476 restris,
986 2405 1105 2484 populo,
1120 2413 1224 2464 senatu
1240 2415 1272 2463 et
1291 2404 1359 2484 lege

265 2497 480 2568 mandantibus,
496 2496 578 2575 exegi
594 2498 631 2557 ab
646 2517 681 2556 eo
694 2498 809 2558 navalia
821 2497 1023 2569 instrumenta,
1038 2518 1105 2576 qum
1119 2496 1287 2576 reipublicae
1305 2497 1360 2556 de·

265 2589 363 2648 bebat.
405 2589 600 2654 Quamobrem
625 2599 720 2649 autem
735 2590 767 2650 id
779 2590 887 2650 factum
902 2589 949 2661 sit,
964 2609 1022 2668 ego
1034 2589 1117 2648 vobis
1130 2589 1264 2648 namabo.
1298 2588 1357 2648 Ac·

265 2678 347 2751 cidit,
358 2689 391 2740 ut
405 2679 534 2740 triremes
558 2677 628 2740 hino
648 2681 806 2752 solverent,
820 2681 984 2760 auxiliaque
1005 2681 1135 2740 celeriter
1154 2680 1355 2750 mitterenturr

265 2781 445 2832 armamenta
457 2781 555 2830 nutem
569 2770 599 2830 in
620 2771 716 2832 navali
735 2773 876 2832 deessent
888 2773 1020 2845 navibus,
1033 2792 1126 2850 eaque
1139 2791 1206 2831 cum
1219 2772 1359 2833 baberent

261 2861 284 2924 ii
298 2863 349 2942 qui
363 2863 511 2923 debebant
530 2881 588 2922 non
603 2863 777 2924 redderent:
800 2864 838 2924 sd
850 2863 916 2923 lroec
936 2884 991 2924 nec
1013 2866 1043 2922 in
1064 2863 1175 2923 Pirreeo
1188 2874 1252 2924 erat
1271 2866 1359 2944 copis

264 2956 429 3028 linteorum,
444 2967 559 3038 stuppoe
582 2967 612 3016 et
629 2957 797 3027 rudentum,
818 2957 924 3034 quibus
941 2958 1027 3016 rebus
1049 2957 1132 3016 navis
1151 2958 1311 3030 instruitur,
1324 2968 1358 3016 ut

265 3049 321 3109 emi
346 3059 476 3129 possent.
518 3049 726 3108 Cbaeredemus
747 3049 836 3125 igitur
856 3049 914 3108 boc
942 3050 1228 3110 senatusconsultum
1249 3049 1358 3122 scribit,

263 3151 298 3200 ut
316 3149 496 3202 armamento
514 3141 630 3198 narium
648 3140 832 3218 exigerentur
843 3151 872 3202 et
885 3151 964 3201 sarta
973 3151 1051 3202 tecto
1061 3141 1250 3203 redderentur
1263 3143 1357 3222 reipu-

264 3231 361 3292 blicae.
403 3231 506 3292 Recita
519 3229 588 3290 mibi
601 3230 763 3293 decretum.

694 3475 932 3538 DECRETUM.

264 3616 333 3677 Hoc
350 3617 500 3677 decretum
514 3619 702 3698 magistratus
718 3619 818 3699 jussit,
837 3631 868 3680 et
884 3639 937 3681 eos
957 3621 1008 3698 qui
1028 3639 1100 3682 rasa
1119 3621 1287 3700 reipublice
1305 3622 1357 3682 de·

264 3709 368 3768 berent
391 3707 537 3768 navalium
558 3710 741 3771 curatoribus
763 3710 903 3772 tradidit:
925 3712 1071 3772 navalium
1094 3724 1255 3785 curatores,
1275 3713 1356 3774 trire-

262 3802 353 3860 mium
368 3801 523 3880 prseleotis,
538 3800 571 3860 iis
590 3802 640 3880 qui
660 3811 722 3862 tum
736 3803 841 3864 abituri
855 3813 948 3876 erant,
961 3815 991 3863 et
1013 3805 1195 3864 curatoribus
1209 3803 1355 3865 classium.

264 3891 326 3954 Lex
339 3912 409 3954 vero
428 3893 577 3954 Periandri
592 3894 716 3973 cogebat
730 3906 762 3954 et
769 3895 891 3975 jubebnt
908 3916 963 3956 nos
977 3897 1091 3976 eosqui
1110 3907 1292 3957 armamenta
1303 3897 1357 3957 de·

261 3985 365 4052 herent
387 3987 525 4066 recipere,
538 4005 597 4065 qua
618 3987 685 4066 lege
701 3988 812 4048 classes
832 3989 995 4068 designatae
1013 4000 1106 4052 erant.
1149 3990 1200 4051 Ad
1212 3991 1286 4062 brec,
1298 3990 1355 4050 siin

263 4077 416 4157 plebiscito
438 4083 615 4160 cogebamur
633 4100 686 4160 pro
706 4101 762 4141 sua
781 4083 904 4160 quisque
921 4084 1088 4161 portiones
1106 4083 1228 4162 singolis
1241 4103 1355 4163 eaquae

261 4167 405 4231 deberent
427 4173 551 4251 exigere.
593 4171 708 4231 Accidit
727 4182 874 4232 autemut
894 4193 951 4251 ego
971 4183 1001 4234 et
1014 4175 1188 4235 trierarchus
1209 4186 1241 4234 et
1253 4176 1355 4236 classis

263 4273 380 4323 curator
399 4283 515 4333 essem:
545 4274 577 4326 et
596 4264 798 4326 Demochares
816 4265 996 4326 Prenoiensis
1019 4269 1049 4326 in
1077 4287 1144 4328 mea
1167 4267 1262 4329 classe
1288 4287 1353 4328 curu

263 4354 462 4434 lbeopbemo,
475 4357 561 4437 cujus
582 4357 612 4418 in
636 4357 804 4420 trierarcbis
815 4357 931 4438 collega
944 4359 1050 4434 inerat,
1064 4371 1244 4422 armamento
1261 4361 1354 4442 reipu-

263 4445 349 4508 blicae
362 4446 493 4509 deberet.
513 4449 595 4518 Quos
606 4461 747 4532 utrosque
759 4469 827 4514 curu
840 4450 871 4512 in
885 4450 947 4531 pila
958 4451 1115 4534 inscriptos
1130 4463 1163 4515 ut
1175 4455 1289 4534 reipub.
1302 4456 1353 4516 ob·
