2967 5017
257 313 296 372 to
321 315 327 329 '
570 309 744 374 coms
757 311 1037 387 -tttttncnuss

253 461 989 528 Umidius-dumusihtrsehnsdstsmtssd
1007 460 1285 526 κιαι-,ωψ-
1299 477 1367 512 ess·

218 541 226 564 '
254 542 345 590 eisne-
356 539 470 589 horris:
488 540 530 593 nbi
540 547 616 590 sstsn
627 541 751 590 eitstisses
761 544 929 600 reeensusrist,
939 543 1068 606 indiserte,
1079 541 1141 604 queri
1153 543 1174 588 si
1188 541 1368 606 00an

253 619 334 676 tuerit,
343 619 403 666 ein
412 607 522 680 inungi·
531 617 662 667 terentibus
672 618 826 677 marteribus,
839 619 953 681 prunidus
966 619 996 667 iis
1012 619 1052 681 qni
1064 617 1163 665 mulctes
1174 615 1272 677 exigunt
1282 613 1365 664 riuis·

255 693 645 756 murore-mmmmm.
1298 713 1305 720 -

258 834 354 912 Leges
377 831 538 904 eudir'ntis,
552 830 767 892 Athenienses:
788 850 886 910 neque
908 831 1021 906 dubito,
1035 832 1107 912 quin
1128 849 1174 890 ee
1185 828 1270 890 rubis
1291 846 1365 910 pref

257 925 366 984 hendo
380 944 448 985 esse
460 924 625 985 ridesntur.
648 923 786 983 Ceterum
801 935 901 984 utrum
912 943 957 984 ese
970 924 1052 1003 leges
1065 933 1137 984 rste
1149 920 1275 984 hritaere
1289 923 1366 994 sint,

256 1014 290 1076 id
309 1035 400 1095 penes
419 1035 473 1077 ros
487 1027 541 1076 est.
563 1015 642 1076 Nem
654 1014 679 1074 si
691 1015 811 1094 quidem
824 1015 944 1095 injurios
956 1015 1089 1100 hemines
1102 1013 1266 1094 punieritis,
1278 1013 1365 1092 leges

208 1128 213 1134 ·
258 1106 350 1168 robis
356 1116 388 1166 et
405 1108 492 1168 bene
509 1119 541 1168 et
559 1116 632 1168 rstrs
651 1117 757 1168 erunt:
778 1107 824 1168 sin
845 1105 1037 1178 absolveritis,
1056 1107 1143 1166 bone
1162 1104 1222 1166 itte
1240 1103 1366 1183 qudem

259 1208 357 1271 erunt,
370 1208 442 1258 rstre
455 1219 516 1260 nun
528 1209 625 1260 eruut.

301 1291 334 1352 9.
355 1290 432 1351 Volo
445 1301 558 1370 sutern,
578 1289 828 1372 quemsdmodum
842 1291 981 1352 ustionis
1002 1290 1084 1350 initio
1103 1289 1256 1368 proposui,
1279 1299 1368 1367 pust·

260 1401 353 1463 quern
365 1381 426 1442 disi
433 1383 473 1444 de
479 1383 607 1464 legibus,
616 1387 679 1458 jem
689 1381 810 1440 tsndem
821 1382 966 1442 Timsrchi
977 1401 1074 1442 nrores
1083 1401 1151 1442 curn
1161 1380 1203 1440 eis
1215 1379 1368 1442 ueniente:

258 1485 296 1536 nt
305 1475 405 1536 seistis
414 1485 558 1553 qusntrrm
567 1475 588 1532 ii
600 1473 769 1550 discrepent
778 1491 797 1532 s
805 1472 911 1532 restris
921 1472 1048 1552 legibus.
1069 1473 1097 1530 A
1106 1471 1188 1532 vebis
1200 1489 1272 1531 vero
1285 1479 1367 1550 peto,

260 1564 468 1637 Athenienses,
481 1574 516 1624 ut
527 1562 643 1624 venient
654 1562 726 1622 mihi
745 1562 832 1636 detis,
851 1563 876 1622 si
889 1561 962 1642 quid
975 1563 1059 1623 fuero
1079 1560 1176 1622 dicere
1188 1562 1368 1622 euectus-de

260 1657 376 1732 studiis,
394 1675 455 1716 non
468 1655 588 1735 quidem
600 1665 707 1716 neturs
718 1653 863 1727 honestis,
883 1655 937 1715 sed
952 1655 990 1716 sb
1004 1655 1062 1714 istu
1083 1663 1182 1716 temen
1204 1654 1367 1734 usurpetis,

263 1761 352 1832 etque
364 1751 487 1812 verbum
502 1749 624 1829 aliquod
637 1749 709 1810 mihi
721 1748 868 1826 exciderit
879 1747 965 1810 fertis
973 1747 1121 1808 Timsrshi
1134 1747 1237 1810 simile.
1258 1749 1368 1828 Neque

262 1843 340 1904 euim
343 1842 410 1921 jure
422 1860 471 1902 me
480 1841 712 1921 reprehendetis,
719 1842 746 1902 si
759 1841 829 1920 quid
842 1839 930 1920 plene
940 1840 1055 1912 dixero,
1069 1859 1129 1919 qno
1139 1859 1191 1900 vos
1204 1840 1366 1902 edueesm:

263 1933 317 1994 sed
335 1932 430 1993 multo
443 1932 538 2012 rnsgis
549 1933 660 1994 irmn:
680 1934 733 2011 qui
745 1932 820 1992 adeo
833 1931 977 2010 flsgitiose
991 1931 1072 2003 vixit,
1085 1931 1183 2009 utqui
1202 1929 1284 1992 fauts
1300 1933 1366 2011 ejus

264 2034 487 2095 commemoret,
502 2044 558 2085 suu
570 2025 713 2084 srbitretu
725 2025 824 2084 (liuere
833 2041 892 2084 nnn
902 2023 1007 2102 possit,
1018 2023 1076 2084 nisi
1084 2022 1175 2084 verbs
1185 2025 1272 2084 etism
1283 2043 1367 2103 qure-

263 2120 333 2184 dsm
346 2117 516 2197 hujusmodi
527 2118 668 2197 proferet.
697 2115 786 2176 Dsho
799 2124 899 2176 umen
917 2134 1048 2196 operam,
1061 2127 1096 2176 ut
1109 2133 1198 2194 qusm
1209 2115 1366 2176 modestis·

264 2211 337 2270 sime
355 2209 386 2268 id
400 2209 516 2270 fseism.
536 2207 634 2270 Velim
646 2216 747 2270 sutem
760 2207 964 2280 consideretis,
977 2207 1183 2292 Athenienses,
1199 2219 1313 2286 qusnte
1325 2228 1365 2268 e·

264 2303 376 2382 quitete
394 2301 450 2363 sim
464 2310 583 2360 acturus
596 2319 665 2360 cum
677 2299 843 2358 Timarcho.
875 2297 953 2358 Num
967 2318 1034 2377 quse
1049 2297 1160 2358 delicte
1176 2317 1250 2378 puer
1267 2299 1365 2360 adhue

264 2396 295 2454 hr
309 2413 397 2458 suum
409 2411 516 2470 eorpus
530 2391 658 2464 ndrnisit,
671 2390 776 2450 umitm
789 2393 895 2468 (esque
909 2388 981 2448 nihil
994 2389 1121 2462 valeant,
1138 2399 1172 2450 ut
1184 2408 1221 2452 es
1232 2410 1300 2469 que
1312 2393 1365 2452 sub

263 2483 386 2562 triginta
402 2494 592 2563 tymnorum
615 2481 778 2553 dominatu,
801 2491 853 2542 sut
878 2489 945 2541 ente
966 2492 1124 2561 pretursm
1151 2481 1282 2542 Euclidis
1300 2493 1366 2544 sets

266 2583 347 2647 sunt,
361 2584 414 2633 sut
425 2573 451 2632 si
465 2572 548 2651 quud
560 2572 642 2632 eliud
654 2572 823 2651 hujusmodi
837 2572 1013 2652 prefinitum
1025 2583 1141 2652 tempus
1161 2574 1289 2650 exstitit)
1299 2593 1366 2654 que

265 2685 336 2729 rere
340 2667 403 2746 jsrn
413 2664 460 2725 sui
467 2683 601 2744 eumpse,
608 2684 676 2743 que
684 2663 869 2738 edoleseens,
877 2663 1048 2743 quelegum
1057 2664 1182 2725 civitatis
1193 2683 1303 2744 gnerus
1314 2665 1364 2726 ed·

267 2757 357 2829 misit,
370 2777 407 2818 ee
415 2757 534 2818 demum
547 2758 706 2830 secusshe,
718 2775 813 2836 esque
826 2756 909 2817 vobis
919 2757 961 2816 uti
971 2776 1049 2818 eure
1064 2757 1133 2829 sint,
1146 2775 1210 2819 oro.
1237 2757 1298 2816 Iste
1309 2759 1365 2836 pri·

168 2869 173 2879 ·
266 2869 348 2911 muru
357 2847 487 2911 omniun
500 2852 655 2930 pueritisrn
667 2865 816 2930 egressus,
828 2850 906 2910 sedit
914 2849 943 2909 in
955 2849 1079 2924 ΡΜ),
1089 2850 1120 2911 in
1132 2850 1293 2930 Euthydiei
1306 2871 1364 2911 me·

267 2943 476 3028 dieitnberus:
489 2962 543 3022 per
557 2944 686 3024 speciem
697 2943 847 3011 discendes
857 2944 940 3014 srtis,
951 2945 1122 3014 eum,sires
1132 2943 1198 3022 ipss
1208 2953 1364 3023 spectetur,

267 3053 301 3096 se
313 3035 466 3096 vendtme
478 3035 673 3096 instituisset:
696 3044 731 3099 tt
745 3034 1051 3102 eventusdeelerevit.
1078 3034 1138 3100 Qui
1154 3053 1242 3112 porro
1255 3053 1365 3096 meres·

266 3135 357 3197 tunes,
372 3136 425 3186 sut
445 3126 495 3186 elii
514 3126 657 3204 hospites,
671 3133 724 3189 eut
739 3124 833 3184 nestri
850 3122 933 3186 eires
949 3123 1007 3184 illis
1026 3124 1206 3204 temporibus
1220 3125 1364 3187 Timerehi

267 3235 393 3295 enrpure
406 3217 516 3276 fuerint
529 3217 626 3286 ebusi,
639 3215 698 3279 hue
706 3233 825 3294 quoque
834 3216 912 3275 ultro
923 3217 1096 3295 preteribo:
1118 3235 1157 3278 ne
1169 3217 1234 3295 quis
1243 3217 1364 3278 fortusse

267 3307 357 3378 diust,
377 3325 425 3367 me
439 3305 606 3368 eeeurstius
625 3307 726 3370 uanis
750 3307 905 3387 persequi:
926 3325 1051 3385 quorum
1072 3317 1171 3370 sutem
1196 3309 1225 3368 in
1243 3307 1364 3384 edium,

267 3419 335 3460 eum
342 3401 390 3460 sui
401 3401 536 3480 eorporis.
544 3409 576 3460 et
587 3401 715 3464 eiritstis
729 3403 836 3481 probro
848 3401 964 3474 vixerit,
977 3413 1108 3480 questus
1122 3403 1160 3462 ob
1171 3420 1237 3462 esni
1248 3421 1310 3462 rem
1323 3402 1364 3462 is·

268 3491 366 3554 ciendi
378 3511 489 3554 esum:
509 3511 599 3570 quern
619 3511 680 3552 rem
700 3494 750 3554 les
767 3503 820 3554 snt
839 3493 930 3556 ritsre
945 3504 996 3554 sut
1014 3492 1203 3556 concionibus
1222 3493 1365 3556 ehstiuere

263 3584 369 3665 jubet:
389 3583 437 3643 his
449 3583 488 3644 de
499 3584 588 3645 rebus
602 3584 694 3647 verbs
710 3584 826 3646 fecium.

313 3679 360 3737 10.
379 3675 435 3737 Est
443 3675 564 3755 quidem
576 3675 758 3756 Colyttensis
770 3676 928 3756 Misgelss,
937 3676 1092 3740 Neucrstis
1104 3677 1152 3753 1²,
1164 3677 1365 3752 Athenienses,

267 3769 311 3830 vir
327 3778 428 3830 cetere
440 3787 513 3829 ssne
525 3768 634 3841 hunus,
645 3787 703 3828 nee
721 3768 783 3828 ulio
805 3770 923 3830 nomine
945 3767 1214 3848 reprehendendus,
1237 3779 1364 3830 ueterum

269 3861 353 3921 istius
359 3861 400 3920 rei
407 3859 583 3939 impotenter
589 3860 754 3920 studiosus:
764 3861 873 3939 quique
881 3861 1066 3922 continenter
1073 3880 1173 3920 secum
1179 3860 1288 3922 hebere
1294 3862 1366 3922 solet

269 3953 384 4032 sliquos
398 3952 586 4024 citheroedos,
599 3962 651 4012 sut
664 3950 839 4012 citharistes.
869 3953 946 4013 liaee
967 3953 1034 4014 dico
1052 3971 1111 4012 non
1126 3953 1270 4031 urguendi
1282 3954 1364 4015 lusus

269 4065 369 4118 eeuss,
382 4047 435 4106 sed
446 4057 480 4105 ut
487 4045 627 4106 noveritis
636 4045 701 4124 quis
711 4046 760 4105 sit.
782 4045 814 4104 In
822 4046 873 4104 ubi
883 4044 1098 4116 animadvertit,
1109 4045 1215 4124 quibus
1226 4045 1264 4104 de
1273 4047 1365 4107 esusis

269 4135 443 4199 Timarchus
458 4138 487 4198 in
502 4139 624 4198 tuberns
633 4137 749 4198 medica
758 4147 942 4198 versaretur:
964 4155 1031 4200 cum
1043 4137 1175 4196 nonnihil
1186 4155 1364 4198 nummorum

221 4229 225 4234 ’
269 4229 485 4308 insumpsisset,
498 4229 568 4290 inde
582 4230 731 4290 huminem
745 4230 871 4292 abduxit
881 4231 920 4290 ed
934 4249 977 4302 se,
991 4239 1026 4288 ut
1038 4241 1068 4290 et
1079 4229 1181 4290 habito
1193 4248 1325 4308 corpore,
1337 4241 1365 4292 et

271 4319 502 4393 sdnleseentenr,
515 4332 548 4382 et
559 4323 750 4401 petulantem,
771 4333 804 4382 et
823 4331 925 4402 spturu
939 4322 977 4382 sd
997 4339 1064 4382 esrn
1076 4341 1148 4395 rem,
1161 4341 1249 4402 quern
1263 4323 1364 4402 etipse

269 4419 447 4492 perpetiere,
462 4414 563 4474 et‘iste
574 4413 700 4476 tolerare
712 4411 889 4476 institueret.
921 4411 1106 4494 Neque·rero
1120 4413 1150 4476 id
1163 4414 1310 4478 rennuerit
1321 4414 1352 4474 Ti
