2967 5017
392 320 400 356 ι
478 277 523 378 ιιι
543 315 886 380 ιιιιιιιιοιιιιιι.
987 371 989 376 .
1198 322 1237 378 79

140 474 223 534 vobis
245 476 401 555 impetrata
418 483 450 534 et
468 493 536 534 cum
549 475 713 554 plebiscito,
727 483 883 553 postquam
902 491 1038 552 magnam
1053 471 1188 534 avobis
1180 472 1234 532 mi·

139 568 234 626 verint
246 566 381 646 gatiam,
394 566 463 626 sed
455 587 512 647 rpsr
503 567 580 626 sibi
589 567 712 625 honorem
722 567 920 647 pr‘aeripientes
934 565 1044 644 absque
1059 563 1176 624 decreto
1185 583 1236 623 ve·
1237 587 1240 592 ·

140 668 211 718 stro.
238 659 283 718 Ea
295 678 381 739 porro
394 659 506 720 ratione
519 660 619 730 fiebat,
629 667 662 717 ut
676 668 857 758 spectatores
871 669 902 718 et
914 658 1049 717 ludorum
1064 646 1196 736 prefecti
1208 668 1239 717 et

140 750 295 810 histriones
308 751 580 822 interturbarentur,
592 752 642 828 qui
652 761 751 810 autem
764 751 794 809 in
778 726 921 810 theatro
931 749 1168 830 praedicabantur
1176 769 1239 808 ma

135 841 231 920 joram
242 841 381 902 honorem
393 853 651 922 consequerentur,
664 861 753 920 quam
763 843 782 901 ir
774 842 1044 918 'quibuscoronam
1055 841 1174 901 donavit
1184 860 1236 922 po-

140 935 237 1013 pulus.
259 933 314 994 His
328 935 405 994 enim
415 934 498 995 locus
508 945 678 995 eratcertus
690 932 877 1014 constitutus,
890 934 993 994 concio
1002 933 1145 1006 scilicet,
1138 953 1239 1015 inqua

140 1036 239 1086 essent
251 1027 421 1096 coronandi,
437 1037 525 1106 atque
539 1026 725 1085 interdictum
736 1034 798 1084 erat
814 1044 850 1084 ne
865 1025 979 1102 uspiam
994 1023 1061 1084 alibi
1073 1023 1237 1103 proclama·

141 1129 258 1186 rentum
274 1119 342 1178 de''
325 1140 360 1178 ιιι
376 1138 443 1178 vero
458 1137 554 1178 coram
568 1117 709 1177 universis
722 1117 836 1177 Graecis
848 1127 910 1176 erat
919 1115 1128 1199 praedicatum:
1151 1135 1185 1175 ac
1196 1115 1238 1175 illi

141 1209 257 1289 quidem
271 1231 337 1270 cum
353 1209 483 1282 decreto,
496 1211 579 1268 robis
601 1211 806 1282 annuentibus,
819 1208 849 1266 hi
869 1217 965 1268 autem
983 1210 1096 1302 absque
1109 1208 1238 1268 decreto.

143 1301 216 1361 Haec
227 1324 294 1362 cum
307 1301 460 1380 legislator
473 1301 591 1380 quidam
606 1301 869 1372 animadvertisset,
884 1300 979 1378 legem
993 1309 1077 1377 rogat
1089 1301 1160 1360 nihil
1171 1321 1239 1361 cunr

141 1391 209 1471 lege
223 1395 291 1453 de’'
274 1414 308 1453 ιιι
327 1394 378 1473 qui
398 1413 416 1452 a
428 1392 537 1471 populo
551 1404 728 1454 coronantur
742 1411 895 1454 commune
911 1390 1077 1461 habentem,
1096 1413 1191 1470 neque
1203 1413 1240 1455 aa

141 1483 282 1568 abrogata
302 1489 374 1560 (non
394 1483 471 1542 enim
486 1484 589 1545 concio
603 1485 784 1561 turbabatur,
799 1485 852 1545 sed
866 1485 1033 1556 theatrum),
1056 1501 1152 1560 neque
1172 1486 1239 1564 lege
1342 1520 1345 1528 ,

142 1593 230 1632 suasa
242 1575 322 1653 prius
340 1575 469 1654 receptis'
489 1576 606 1659 legibus
625 1575 685 1637 ad's
676 1594 750 1637 ersa
763 1582 834 1656 (non
849 1577 927 1637 enim
942 1576 987 1634 sas
1003 1578 1070 1648 est),
1084 1575 1137 1633 sed
1152 1575 1222 1634 de'
1203 1595 1240 1636 us

139 1668 214 1724 illum
225 1669 290 1726 tulit
291 1671 360 1746 ,qui
373 1669 436 1726 sine
451 1679 549 1728 vestro
559 1670 678 1728 decreto
685 1689 794 1729 corona
804 1661 982 1729 donare'ntur
996 1667 1177 1727 atribulibus
1190 1677 1241 1728 aut

141 1759 342 1838 popularibus,
357 1759 421 1819 de''
405 1779 438 1819 ιιι
452 1760 502 1839 qni
517 1779 615 1820 servos
630 1780 700 1819 suos
714 1760 962 1832 manumitterent,
976 1743 1013 1818 de
1029 1758 1142 1818 coronis
1157 1758 1239 1818 deni-

142 1871 199 1930 que
209 1851 413 1931 hospitalibus.
437 1852 485 1910 Ac
494 1852 602 1910 diserte
613 1862 752 1924 vetat-ne
765 1853 828 1931 quis
842 1855 871 1911 in
884 1853 998 1916 theatro
1008 1871 1125 1911 serrum
1136 1861 1239 1911 mariu-

143 1943 249 2016 mittat,
259 1965 332 2003 neve
344 1944 381 2003 dc
393 1945 429 2003 iis
444 1944 620 2023 praeconium
633 1945 695 2015 fiat,
710 1963 784 2022 quos
799 1945 919 2003 tribules
934 1955 986 2002 aut
997 1941 1164 2021 populares,
1181 1953 1241 2003 aut

142 2037 209 2098 alii
231 2037 361 2114 quivis
376 2043 486 2095 corona
495 2036 618 2107 donent,
627 2035 736 2112 alioqui
745 2035 865 2094 infamia
874 2035 967 2093 notari
972 2035 1057 2112 jubet
1065 2053 1238 2114 praeconem.
1304 2047 1308 2057 ’

186 2130 232 2187 18.
255 2128 330 2188 Cum
345 2128 432 2205 igitur
445 2128 488 2199 iis,
503 2129 554 2206 qui
576 2148 595 2187 a
614 2137 719 2188 senatu
741 2135 928 2196 coronantur,
951 2126 1059 2185 curiam
1081 2126 1242 2204 designarit

141 2222 172 2279 in
186 2239 244 2298 qua
253 2220 458 2298 predicentur,
472 2217 507 2277 iis
522 2219 571 2297 qui
585 2238 603 2277 a
616 2218 727 2298 populo
742 2219 924 2289 concionem,
947 2217 984 2276 de
998 2218 1032 2276 iis
1047 2227 1144 2277 autem
1159 2219 1208 2296 qui
1222 2239 1240 2278 a

142 2312 296 2371 tribulibus
309 2320 361 2369 aut
373 2309 560 2389 popularibus
574 2311 751 2369 honestantur
759 2309 938 2390 praeconium
950 2308 1011 2374 lieri
1025 2309 1148 2367 vetuerit
1157 2311 1186 2367 in
1197 2310 1241 2368 lu'·

143 2401 189 2461 dis
197 2392 325 2480 tragicis,
335 2423 373 2487 ne
387 2404 452 2488 quis
467 2420 592 2460 coronas
607 2411 637 2460 et
649 2403 798 2484 praeconia
811 2411 953 2481 tanquam
965 2401 1071 2480 stipem
1082 2419 1240 2482 corrogans

141 2494 218 2552 falsa
230 2492 397 2551 meritorum
410 2493 489 2551 lama
498 2494 671 2570 perfruatur,
684 2495 809 2553 vetuerit
821 2492 940 2572 insuper
952 2493 983 2552 in
997 2492 1063 2571 lege
1077 2514 1113 2553 ne
1128 2495 1165 2554 ab
1179 2494 1240 2555 ullo

143 2586 202 2645 alio
220 2572 405 2669 predicetur,
419 2583 546 2642 exclusis
561 2593 664 2642 senatu
678 2595 708 2643 et
720 2587 832 2663 populo
852 2594 883 2644 et
901 2586 1054 2646 tribulibus
1070 2598 1100 2646 et
1119 2589 1240 2669 popula-

142 2679 242 2737 ribus:
263 2676 347 2735 hoec
340 2695 460 2754 mquam
473 2675 523 2733 ubi
543 2674 695 2745 demseris,
709 2675 780 2760 quid
797 2674 940 2752 reliquum
954 2686 1000 2734 est
1017 2687 1124 2754 praeter
1141 2681 1241 2761 hospi·

144 2759 219 2829 tales
239 2767 385 2827 coronas?
405 2757 481 2835 Quae
502 2786 569 2826 vere
594 2785 613 2825 a
634 2785 681 2825 rne
704 2753 773 2838 dici,
788 2785 897 2844 magno
917 2765 998 2825 vobis
1014 2777 1186 2845 argumento
1206 2789 1243 2829 ex

129 2862 215 2941 ,ipsis
233 2860 407 2964 deprompto
425 2860 539 2937 legibus
553 2852 718 2918 ostendam.
754 2858 853 2937 Ipsam
868 2857 944 2916 enirn
959 2877 1076 2917 auream
1090 2879 1241 2932 coronam,

143 2971 211 3034 quse
224 2952 254 3009 in
267 2947 408 3011 theatro*
394 2971 425 3010 m
439 2951 510 3009 urbe
521 2950 731 3029 promulgetur,
742 2947 884 3008 Minerrae
894 2967 1006 3008 sacram
1015 2949 1063 3009 lex
1073 2970 1137 3010 esse
1143 2953 1241 3030 jubet,

145 3043 353 3130 ademptam
327 3063 355 3102 ιι
373 3042 424 3120 qui
438 3051 604 3102 coronatur.
640 3041 795 3100 Enimvero
814 3040 880 3119 quis
892 3049 1022 3100 vestrum
1037 3051 1129 3100 tantae
1149 3043 1243 3104 illibe-

143 3135 264 3195 ralitatis
283 3134 423 3194 damnare
444 3135 521 3194 ausit
541 3133 685 3221 populum
706 3131 939 3191 Atheniensem?
961 3131 1030 3191 Non
1052 3131 1141 3194 modo
1162 3133 1239 3194 enim

144 3229 257 3298 civitas,
280 3228 333 3287 sed
346 3248 383 3287 ne
396 3227 524 3308 privatus
537 3215 657 3304 quidem
677 3225 831 3303 quisquam
849 3233 909 3283 tam
931 3243 1035 3302 parum
1052 3235 1132 3284 esset
1154 3245 1243 3304 gene·
1317 3217 1320 3229 ¹

144 3341 239 3391 rosus,
253 3331 296 3393 ut,
311 3339 397 3398 quam
413 3321 475 3399 ipse
489 3320 650 3378 donaverat
658 3337 807 3402 coronam,
822 3316 925 3376 eodem
937 3325 1067 3396 ternpore
1078 3319 1244 3398 promulget

89 3424 94 3435 “
145 3402 314 3489 auferatque
328 3421 359 3470 et
371 3410 522 3469 devoveat.
544 3410 604 3468 Sed
619 3428 656 3468 eo
671 3409 803 3466 nimirum
815 3408 895 3488 quod
905 3409 1057 3488 hospitalis
1070 3418 1117 3470 est
1125 3429 1243 3484 corona,

145 3505 233 3565 etiam
252 3503 286 3561 fit
298 3492 491 3575 consecratio,
503 3513 538 3560 ut
550 3521 589 3560 ne
603 3501 685 3580 cujus
699 3501 824 3574 animus,
838 3501 908 3560 dum
926 3501 1050 3559 alienam
1066 3503 1241 3563 benevolen-

143 3597 215 3655 tiam
228 3595 319 3673 pluris
333 3613 421 3672 quam
436 3593 558 3672 patriam
572 3591 670 3662 saciat,
684 3591 896 3670 corrumpatur.
920 3591 964 3647 At
977 3609 1038 3648 non
1052 3609 1116 3650 eam
1130 3611 1195 3670 ques
1212 3596 1241 3654 in

145 3688 285 3747 concione
305 3685 481 3766 praedicatur
494 3702 631 3743 coronam
645 3674 800 3760 quisquam
813 3689 976 3753 consecrat,
990 3681 1043 3740 sed
1064 3680 1152 3742 libere
1172 3705 1241 3764 pos-

146 3780 241 3841 sidere
253 3779 333 3852 licet,
345 3787 380 3838 ut
392 3797 453 3838 non
467 3777 491 3836 is
502 3787 617 3836 tantum
628 3775 675 3853 poi
688 3777 802 3852 accepit,
816 3792 917 3833 verum
931 3773 1018 3832 etiam
1032 3773 1123 3853 ipsius
1134 3779 1242 3856 posteri
1344 3839 1349 3844 ,

146 3873 358 3944 monimentum
377 3870 450 3929 illud
471 3859 558 3929 domi
572 3857 755 3928 asservantes
774 3885 922 3945 nunquam
943 3867 1056 3926 animos
1077 3868 1205 3929 habeant
1224 3891 1243 3932 a

144 3963 256 4048 populo
268 3963 390 4023 alienos.
413 3961 479 4021 Hac
494 3962 582 4020 etiam
594 3961 632 4020 de
645 3979 736 4021 causa
749 3947 1078 4040 adscripsit'legislator,
1092 3979 1130 4019 ne
1142 3969 1243 4028 extera

146 4074 255 4120 corona
275 4055 306 4115 in
319 4055 434 4114 theatro
447 4072 465 4113 a
478 4044 836 4134 praecone‘promulgetur,
855 4053 910 4112 nisi
923 4052 1048 4138 populus
1067 4052 1193 4125 sciverit,
1208 4068 1244 4116 ut

146 4146 182 4210 ea
195 4147 308 4216 civitas,
322 4167 389 4227 quse
401 4155 531 4206 vestrum
545 4147 671 4225 aliquem
685 4163 795 4205 corona
808 4145 918 4205 donare
926 4145 1006 4218 velrt
1017 4143 1114 4204 missis
1127 4146 1244 4226 legatis,

135 4242 178 4302 ’ὶιι
191 4261 211 4302 a
222 4240 332 4321 populo
346 4249 439 4318 petat,
458 4239 613 4345 adeoque
605 4259 630 4298 ιι
644 4237 681 4298 de
698 4256 756 4316 quo
773 4231 949 4316 predicetur
968 4236 1107 4316 majorem
1123 4241 1245 4317 gratiam

147 4332 231 4393 robis
251 4325 369 4405 habeat,
382 4351 471 4412 quam
485 4331 522 4392 iis
535 4333 587 4412 qui
599 4347 735 4391 coronam
760 4322 913 4403 dederunt,
932 4327 1011 4408 quod
1033 4347 1097 4388 eam
1116 4331 1245 4411 promul·

124 4474 128 4481 .
149 4425 211 4503 gari
225 4423 421 4505 permiseritis
443 4419 489 4485 ιιι
502 4443 549 4484 me
563 4441 632 4484 vera
646 4421 752 4494 dicere,
768 4441 804 4482 ex
818 4422 889 4501 ipsis
902 4421 1017 4501 legibus
1031 4423 1165 4503 accipite.
