2967 5017
241 347 299 405 106
578 333 625 394 IN
650 265 992 392 misrrumum:

193 544 197 553 .
239 499 302 580 prio
311 495 466 556 rideretur.
488 491 561 550 Esse
570 499 669 550 antero
678 504 748 548 rm
758 475 1062 564 quoe'eursdicuntun
1076 489 1110 534 er
1123 470 1193 551 ipsis
1202 465 1345 527 versibus

241 587 439 668 cognoscetis.
478 582 652 662 inscriptum
665 587 712 639 est
724 578 801 636 enim
816 576 846 635 iu
859 574 951 654 prims
964 565 1081 630 statuo:

441 711 475 761 ui
486 705 703 772 qnoqusproestsoti
714 707 836 754 vulserunt
847 705 950 765 pectore,
962 697 1039 747 Medis

471 787 618 849 Strymonius
626 785 747 846 donnus,
759 779 885 842 mirque
896 779 973 826 ioonrn

436 863 691 924 Perdomitisntssqss
700 862 760 908 tone
771 858 877 918 imoq-
888 859 985 902 mento

471 938 581 994 Hostiles
588 941 658 1002 prini
668 938 709 1000 ssi
719 937 823 984 minsas
834 947 923 982 mss.

247 1056 387 1120 oecundoe
396 1056 462 1115 hseo
477 1053 629 1132 inscriptio
642 1061 705 1110 est:

441 1171 544 1219 Premis
552 1167 689 1231 Osoropirin
700 1168 752 1214 bno
761 1165 860 1233 (insibus
869 1155 1017 1208 nrsrnonnds
1026 1151 1149 1207 dederunt,

476 1249 526 1295 Pro
537 1247 624 1294 virtute
634 1247 712 1292 risun
724 1257 766 1305 pro
777 1239 914 1298 meritisque
924 1233 980 1297 piis.

443 1326 486 1380 Ut,
496 1339 549 1372 suro
559 1323 685 1384 progenies
696 1321 796 1368 lustrent
806 1318 856 1364 boo
867 1327 920 1377 ssrs
927 1315 1047 1373 ispe-n,

480 1399 540 1448 iuti
552 1413 594 1480 ppo
602 1399 680 1460 petris
690 1398 753 1444 turs
761 1393 849 1456 penicis
862 1389 942 1438 veiint.

253 1507 345 1567 tertio
359 1515 458 1566 sutem
472 1511 578 1562 stature
591 1501 761 1578 inscriptum
778 1504 842 1554 est:

447 1614 486 1665 nx
495 1617 540 1664 bro
551 1617 609 1663 ntbs
618 1616 674 1662 oiim
685 1611 824 1660 Mnestheus
835 1606 958 1655 contitutus
970 1600 1065 1652 snitu

479 1693 584 1741 Ensmss
594 1691 665 1739 duit
675 1691 791 1750 Pergus
800 1686 830 1734 sti
843 1685 891 1732 sus
902 1683 986 1737 sinunt,

448 1772 551 1818 timis
562 1783 612 1832 ps·
622 1767 719 1828 idipsis
730 1779 800 1826 quoni
811 1766 890 1812 motat
899 1759 1018 1808 flos-m
1027 1752 1127 1804 Aobiris

482 1845 626 1908 conpositis
635 1845 700 1894 scies
710 1841 812 1904 dirigere
823 1836 953 1888 ordinibus.

449 1923 489 1970 Sic
500 1938 575 1983 nsque
584 1921 699 1968 inmerito
711 1917 783 1981 primi
793 1917 902 1964 dicentur
911 1913 998 1974 nbiqns

485 1999 577 2046 Virtute
587 1997 673 2059 insigni
686 1997 807 2055 uirisque
818 1989 964 2064 Cecropidse.
1059 2031 1064 2040 ,

259 2105 432 2182 Usquemne
447 2100 494 2159 bic
508 2099 647 2179 reperitur
661 2097 771 2156 ducum
784 2089 910 2153 nomen?
931 2087 1097 2165 Nusquam,
1111 2083 1163 2144 sed
1176 2083 1279 2165 populi
1294 2095 1358 2144 tos-

259 2206 327 2258 tum.
358 2194 471 2255 Adeste
482 2192 570 2272 igitur
582 2190 653 2250 mibi
663 2189 766 2251 animis
777 2197 808 2248 et
818 2185 856 2245 ed
868 2182 1010 2264 porticum
1020 2179 1211 2258 picturatum:
1226 2178 1361 2237 omnium

260 2290 337 2351 enim
348 2286 509 2348 facinorum
520 2284 704 2364 egregiorum
716 2289 834 2341 exstant
846 2275 927 2336 vobis
937 2276 968 2334 in
980 2273 1044 2333 soro
1054 2280 1252 2331 monumenta.
1278 2269 1362 2336 Quid

261 2383 347 2458 igitur
362 2379 504 2447 illudest,
527 2375 607 2454 quod
631 2374 711 2442 dico,
735 2365 954 2429 Athenienses?
977 2365 1033 2423 Hie
1048 2383 1150 2444 pugna
1172 2362 1362 2422 Marathonis

262 2471 380 2549 depicta
400 2478 454 2527 est.
475 2466 537 2524 Sed
550 2465 615 2543 quis
629 2473 691 2522 eret
710 2458 891 2539 imperatori
914 2459 1038 2528 Omnes,
1053 2457 1166 2536 opinor,
1180 2455 1238 2514 hoc
1254 2455 1297 2514 itu
1313 2473 1363 2513 ro·

263 2563 324 2642 gsti
343 2557 571 2638 responderetis,
591 2553 752 2624 Miltiades,
774 2560 805 2612 at
829 2550 889 2610 illio
909 2569 1001 2608 nomen
1022 2551 1081 2624 ejus
1102 2565 1161 2605 non
1182 2545 1364 2605 inscribitur.

227 2664 232 2670 ’
264 2652 346 2722 Quid
354 2649 416 2713 irat
436 2649 495 2708 nou
510 2645 612 2726 petivit
621 2646 677 2704 boc
687 2641 819 2724 proemii?
840 2641 947 2699 Petivit
960 2639 1090 2716 quidem,
1104 2637 1157 2696 sed
1167 2637 1293 2716 populus
1303 2656 1366 2696 non

265 2745 358 2820 dedit,
372 2761 474 2802 verum
494 2742 520 2798 ei
544 2756 597 2817 pro
616 2735 743 2796 nominis
758 2731 947 2812 inscriptione
966 2729 1122 2801 concessit,
1144 2736 1178 2786 ut
1189 2729 1282 2806 primo
1297 2729 1367 2789 loco

265 2841 435 2920 pingeretur
454 2833 561 2893 milites
575 2829 744 2890 cohortans.
776 2825 855 2903 Ergo
875 2832 907 2883 et
923 2822 953 2880 iu
973 2819 1039 2880 sede
1055 2819 1160 2878 Matris
1181 2820 1268 2880 deum
1277 2821 1370 2899 juxta

268 2931 398 3000 Curium,
412 2925 561 3006 quodnam
584 2921 619 2981 iis
634 2920 784 3001 praemium
798 2916 848 2996 qui
871 2913 1010 2993 populum
1031 2911 1214 2972 exsulantem
1230 2931 1249 2972 u
1269 2912 1369 2994 Pbyiu

267 3024 447 3084 reduxerunt
460 3017 611 3088 dederitis,
625 3015 731 3075 intueri
745 3013 823 3072 licet.
851 3009 910 3078 Qui
925 3008 1117 3088 enimpopuli
1131 3009 1235 3068 scitum
1250 3009 1370 3088 scripsit

269 3124 301 3186 et
322 3113 449 3174 obtinuit
462 3109 607 3169 Archinus
623 3118 687 3167 erat
701 3103 830 3174 Coeleus,
844 3121 921 3160 uuus
942 3120 978 3160 ex
998 3099 1032 3160 iis
1046 3099 1095 3180 qui
1117 3099 1258 3178 populum
1279 3103 1372 3162 redu·

271 3216 391 3266 xerunt:
412 3202 526 3282 scripsit
539 3209 637 3260 eutem
650 3198 774 3275 primunr
785 3204 820 3252 ut
832 3193 867 3253 iis
880 3189 959 3250 mille
969 3191 1116 3252 bachmae
1128 3190 1266 3254 durentur
1278 3194 1310 3252 in
1319 3212 1372 3254 sa-

270 3289 380 3363 criticis
387 3304 418 3354 et
427 3293 506 3352 dona
513 3289 628 3366 templis
636 3285 878 3367 appendendo-
885 3282 1051 3362 estqueboc
1059 3281 1154 3341 miuus
1165 3303 1255 3363 qutun
1265 3285 1372 3345 decem

272 3383 421 3445 drsohrnoe
435 3381 464 3440 in
478 3379 610 3459 singulos
623 3379 753 3450 viros-,
769 3376 874 3460 deiude
883 3377 969 3456 jubet
985 3393 1221 3453 unumquemque
1233 3367 1374 3458 oleagino

274 3477 383 3538 corono
395 3473 502 3546 ornari,
519 3490 580 3532 non
594 3489 700 3537 aurea3
722 3469 875 3542 eratenim
889 3477 949 3528 turn
964 3465 1098 3546 oleagina
1111 3484 1220 3528 corono
1231 3469 1375 3546 pretiosa,

275 3566 456 3629 nuncetiam
470 3580 559 3625 eures
573 3560 603 3622 in
617 3559 736 3621 fastidio
747 3570 801 3621 est.
831 3559 943 3620 Verum
953 3577 1048 3636 neque
1061 3557 1118 3620 hoc
1129 3558 1247 3638 quidem
1261 3555 1379 3622 temere

275 3659 338 3719 fieri
352 3657 494 3729 decernit,
508 3653 561 3715 sed
575 3665 637 3714 tum
652 3652 770 3741 deinum
785 3671 853 3712 cum
872 3660 992 3711 senatus
1007 3651 1377 3730 accuratevperquisirerit,

276 3761 349 3830 quot
363 3767 463 3807 eorum
478 3745 616 3826 in'Phyle
628 3745 741 3805 obsessi
755 3743 890 3816 fuissent,
904 3761 971 3802 cum
986 3741 1199 3803 Lacedoemonii
1213 3753 1243 3803 et
1254 3745 1379 3822 triginta

277 3840 394 3922 tyranni
408 3839 496 3897 ineos
506 3838 677 3896 invaserunt
686 3837 736 3916 qui
752 3835 875 3916 Phylom
889 3846 1079 3914 occuparant,
1090 3836 1149 3896 non
1158 3836 1380 3915 quotodChae·

280 3950 399 3992 roneam
409 3948 477 3990 cum
490 3929 632 3988 instarent
643 3929 745 3988 hostes
757 3926 907 3988 astatione
920 3925 1120 3997 recessissent.
1146 3927 1187 3987 Ut
1199 3938 1298 3990 autern
1307 3950 1380 3994 vern

281 4045 329 4086 me
342 4024 440 4084 dicere
453 4023 633 4100 cognoscetis,
646 4022 812 4081 recitabitur
824 4019 907 4082 vobis
921 4019 1079 4081 decretum.

435 4195 667 4279 nncnsron
689 4197 746 4256 os
767 4193 1012 4260 ssuucmus
1033 4199 1060 4258 A
1081 4195 1235 4261 ruris,
1311 4165 1316 4174 ’

287 4300 508 4405 somniari
520 4348 558 4389 οι
570 4328 695 4389 reveno
707 4328 859 4389 sterion
871 4327 901 4390 u
915 4326 996 4406 quor
1010 4327 1172 4410 onirpsos
1184 4329 1302 4410 „ipss
1314 4329 1383 4392 ne.

206 4448 210 4456 ·
286 4419 432 4484 mosueni
443 4420 678 4496 gravissimarum
690 4420 890 4490 comicorum
904 4419 1025 4480 suenci
1052 4423 1054 4428 ’
