2967 5017
442 364 614 427 CONTRA
634 362 926 427 mnocutuntf.
1175 365 1235 427 ⁷03

136 520 210 583 mibi
222 522 333 604 aliquid
346 522 423 603 uqui
436 518 634 603 responderet,
648 518 789 603 quidcem
802 516 1072 599 iecerat-'quendo
1090 516 1122 578 id
1148 533 1235 579 suum

31 690 34 699 Ι
136 630 245 675 munus
260 632 324 679 esse
336 615 416 688 dicit,
430 624 465 675 ut
486 632 538 675 eos
561 614 611 695 qui
629 613 775 674 eunomia
795 610 913 693 iegrbns
930 610 1103 682 decernunt,
1116 628 1237 670 coerce·

135 714 223 780 at-,
238 708 263 767 si
275 708 343 789 quis
357 706 437 788 apud
450 726 550 767 omnes
564 706 642 766 cives
656 705 787 765 oratione
798 704 899 764 babitu
911 712 942 763 et
949 700 1084 783 probum,
1094 701 1237 763 damme·

135 807 195 870 rat,
204 798 293 861 licere
302 798 501 880 ignominiosi
512 806 543 859 et
552 796 660 859 aerariis
671 814 820 870 nceusere,
829 796 966 865 indicare,
975 793 1098 867 desem,
1108 811 1144 854 ea
1152 794 1237 855 deni·

134 908 200 967 qua
209 910 295 971 agere
307 910 374 972 quae
383 892 550 971 nunciegee
560 890 602 952 eis
616 888 811 958 interdicunt;
822 886 952 967 nunquid
964 886 1073 947 decreti
1086 896 1236 948 auctorem

134 980 314 1043 violatumm
327 984 424 1064 legum
438 995 593 1045 accusaret
604 981 720 1046 necne't
748 982 827 1042 Nam
841 980 867 1039 si
880 980 970 1051 dicat,
982 999 1017 1040 se
1033 998 1094 1039 non
1106 998 1173 1040 esse
1185 999 1238 1042 ao-

133 1084 320 1149 cusaturum,
333 1086 379 1137 est
395 1096 434 1136 ne
455 1076 592 1137 habende
611 1078 639 1136 ei
656 1073 742 1148 fides,
757 1093 790 1134 se
805 1092 867 1148 eos,
880 1074 932 1153 qui
946 1072 1077 1133 scribant
1090 1076 1237 1135 contraria

134 1163 259 1243 legibus
281 1166 436 1227 obserm
454 1165 626 1245 jactitanti?
658 1166 703 1227 sin
724 1176 887 1238 accusaret,
900 1163 970 1244 quid
989 1162 1125 1243 iniquius,
1146 1184 1237 1245 qnam

134 1255 199 1315 aiio
222 1266 340 1320 ductore
362 1258 555 1329 intercedere,
569 1276 607 1317 ne
627 1257 659 1317 id
682 1257 921 1337 decretumque
942 1276 979 1317 eu
996 1264 1130 1337 potestas
1150 1256 1241 1319 datm

133 1350 285 1422 omuibus,
298 1361 393 1413 ratum
405 1352 497 1423 fieret,
509 1360 540 1412 et
554 1350 741 1411 accusatione
752 1351 886 1411 instituto
893 1349 1047 1431 perspicue
1060 1349 1236 1425 adscribere,

133 1458 203 1501 rem
215 1460 282 1502 esse
295 1442 412 1521 legibue
424 1442 618 1517 interdictam,
632 1462 714 1504 nnnc
735 1444 824 1504 istum
842 1443 939 1524 ipsum
959 1442 1097 1503 acutus
1115 1460 1239 1503 nocum-

133 1533 244 1607 tiones,
257 1552 327 1594 cum
339 1533 372 1594 id
393 1553 489 1613 neque
502 1556 519 1596 a
532 1537 639 1616 populo
656 1537 828 1616 impetrarit,
843 1555 942 1615 neque
958 1554 1021 1595 rem
1042 1534 1163 1615 publice
1182 1534 1238 1595 de-

133 1624 322 1687 liberandam
336 1628 529 1704 proposuerit,
543 1628 657 1705 legibue
670 1628 701 1688 id
715 1628 899 1688 vetantibus?
920 1627 1027 1688 Statim
1040 1637 1139 1687 nutem
1148 1626 1237 1701 dicet,

133 1716 240 1793 inique
254 1734 355 1774 secum
369 1716 428 1795 agi,
448 1718 475 1775 si
486 1717 552 1776 huc
565 1718 619 1777 sibi
632 1719 728 1777 fecere
741 1738 802 1776 non
814 1718 915 1789 licent,
926 1720 1087 1796 legumque
1098 1716 1238 1780 senerita-

132 1816 212 1879 tem,
233 1807 341 1885 quibus
362 1807 479 1868 iuturus
504 1807 544 1867 sit
566 1808 720 1878 obnoxius,
744 1808 771 1865 si
796 1807 961 1880 damnetur,
983 1811 1237 1873 commemorabit:

133 1897 223 1976 leges
247 1908 345 1958 autem
365 1916 427 1959 non
449 1898 576 1971 curabit,
588 1898 642 1959 sed
659 1906 772 1957 tautam
794 1896 849 1958 sibi
867 1897 931 1958 duri
949 1917 970 1957 u
986 1898 1072 1960 robis
1088 1900 1237 1964 licentium

132 1990 312 2071 postulabit,
325 2001 465 2070 quantam
480 2010 567 2051 nemo
579 2008 710 2071 nuquam
723 2000 825 2071 petere
838 1989 895 2051 suit
907 1991 1007 2052 eume.¹

182 2086 232 2143 13.
250 2084 319 2145 Jam
340 2084 420 2164 quod
433 2085 472 2145 sd
485 2084 663 2145 delationem
680 2085 796 2164 attinet,
810 2102 906 2164 neque
923 2084 1237 2172 Theocrinem,·neqne

132 2175 328 2237 defensorum
341 2178 406 2257 ejus
427 2177 531 2250 ullum,
550 2174 708 2257 quicquam
722 2176 800 2255 sequi
814 2176 982 2251 allaturum,
993 2179 1056 2239 iare
1068 2198 1170 2243 omnes
1183 2200 1238 2244 sos

135 2266 214 2329 scire
228 2268 380 2329 existimo:
400 2270 463 2330 iore
475 2278 575 2331 eutem
589 2268 723 2341 arbitror,
736 2278 771 2327 nt
790 2268 889 2329 dioere
902 2270 1067 2344 instituunt,
1078 2292 1137 2334 nec
1149 2274 1238 2336 licere

136 2358 248 2421 deterri
260 2380 431 2440 quenquam
443 2380 554 2436 eorum,
568 2361 619 2441 qui
636 2360 672 2420 'in
696 2378 767 2421 aree
784 2380 846 2421 nou
866 2361 926 2422 siut
945 2363 1087 2444 inscripti,
1098 2364 1238 2446 nequain

135 2452 250 2513 cerariis
271 2471 324 2513 eos
346 2452 499 2515 bebendos
513 2472 589 2525 esse,
610 2472 735 2533 quorum
754 2454 875 2515 nomina
894 2474 980 2517 nemo
999 2456 1154 2518 tradiderit
1165 2478 1238 2521 exa·
1371 2482 1379 2493 ¹

134 2544 279 2607 ctoribus.
318 2545 411 2615 Quasi
425 2564 492 2605 vero
504 2564 558 2605 vos
581 2545 678 2625 legem
698 2545 848 2627 ignoretis,
862 2567 929 2628 quse
947 2548 1057 2609 debere
1074 2552 1112 2610 nb
1133 2570 1171 2618 aa
1190 2551 1238 2615 die

131 2638 230 2717 jubet,
251 2657 271 2697 u
282 2656 341 2715 qun
354 2637 511 2698 damnatus
530 2638 579 2709 sit,
593 2638 655 2699 sive
667 2638 775 2717 legem,
789 2640 849 2701 sire
866 2640 1020 2701 decretum
1031 2642 1164 2704 violarit:
1184 2656 1238 2705 aut

136 2744 202 2791 non
215 2730 351 2789 omnibus
363 2738 465 2790 notum
479 2728 528 2803 sit,
538 2730 638 2791 multis
651 2731 748 2791 modis
762 2732 863 2819 deberi
874 2734 987 2802 aermio,
997 2743 1030 2793 et
1038 2734 1091 2794 eos
1102 2736 1154 2815 qui
1163 2736 1237 2817 iegi-

135 2822 196 2883 bus
208 2840 311 2903 parere
323 2820 423 2896 velint,
438 2821 563 2883 solvere.
602 2822 639 2883 id
651 2823 732 2903 quod
745 2843 782 2884 ex
795 2825 863 2906 ipse
872 2826 938 2906 lege
951 2827 1146 2906 perspicimu-
1169 2830 1237 2910 Aga

136 2912 516 2996 denuomibicspelegem
527 2914 619 2977 bene.
1228 2939 1232 2954 ·

645 3084 739 3147 LEX.

137 3224 281 3296 Audisue,
305 3234 338 3285 tu
361 3227 476 3307 impura
498 3226 620 3288 bellua?
640 3246 659 3288 e
682 3226 850 3307 quadie
875 3226 1070 3290 debuerit
1095 3239 1163 3292 eut
1186 3231 1234 3295 le·

138 3332 223 3397 gem
247 3318 437 3379 violarit.
477 3320 539 3381 Sed
561 3339 614 3381 eos
636 3320 716 3380 illam
737 3338 854 3403 quoque
870 3319 968 3400 legem
987 3331 1236 3387 ostensurosense

137 3410 220 3469 vobis
244 3407 341 3481 audio,
355 3428 421 3491 quoe
443 3408 543 3471 delere
562 3412 649 3492 jubet
662 3410 827 3490 inscriptos,
841 3409 867 3471 si
889 3412 999 3473 mulcta
1018 3412 1116 3476 soluta
1135 3414 1236 3493 suerit,

138 3510 168 3560 et
180 3511 348 3582 rogaturos,
361 3502 510 3581 quomodo
523 3504 634 3564 mulcta
647 3522 760 3576 eorum,
777 3504 828 3582 qui
841 3522 902 3565 uon
914 3504 1047 3587 inscripti
1067 3506 1137 3583 sint,
1147 3508 1236 3569 dele'ri

137 3595 251 3673 possit;
272 3594 439 3672 quasivero
460 3612 497 3654 ea
520 3615 580 3655 non
599 3594 638 3655 de
656 3594 803 3675 inscriptis
816 3596 876 3657 lata
890 3597 938 3670 sit,
952 3596 990 3657 de
1005 3618 1065 3658 non
1078 3598 1235 3681 inscriptis,

138 3694 168 3745 et
181 3686 359 3747 debentibus
381 3697 491 3760 autem,
504 3685 554 3745 lex
574 3686 634 3760 illa,
648 3706 715 3767 quaa
728 3686 816 3767 jubet
834 3707 872 3748 ex
891 3706 928 3748 en
949 3666 997 3747 die
1016 3690 1133 3763 debere,
1147 3696 1237 3773 a‘qua
1261 3760 1267 3773 ,

139 3778 297 3841 mulctatus
312 3779 360 3853 ait,
373 3777 506 3861 legemus
519 3788 572 3840 aut
584 3778 733 3841 decretum
748 3779 872 3841 violarit.
894 3779 973 3850 Quid
984 3781 1071 3862 igitur
1083 3803 1143 3844 non
1164 3806 1236 3867 neg·

138 3869 224 3935 lecta
247 3874 410 3954 scripturae,
433 3873 537 3952 inquit,
556 3892 602 3933 me
626 3893 761 3944 accusas,
784 3874 923 3955 quicum
945 3874 1079 3949 debeam,
1101 3895 1161 3939 non
1180 3878 1235 3941 sim

139 3960 318 4046 inscriptus?
340 3964 417 4034 Quia
430 3964 479 4027 Iex
493 3985 554 4026 non
576 3964 607 4025 in
626 3983 678 4026 eos
692 3966 743 4047 qui
758 3966 876 4038 debent,
892 3978 922 4028 et
936 3966 1067 4048 inscripti
1081 3981 1235 4046 trunsum,

140 4056 282 4135 nogiectae
297 4058 447 4139 scripturae
458 4058 510 4118 dat
523 4056 684 4118 actionem:
700 4058 799 4119 sedin
813 4076 874 4134 eos,
886 4058 936 4138 qui
946 4059 1078 4138 quamvis
1093 4058 1235 4144 inscripti,

141 4165 200 4208 non
214 4150 313 4210 soluta
327 4148 494 4231 reipublicae
507 4151 628 4219 mulcta,
640 4147 729 4211 deleti
740 4149 858 4212 fuerint.
879 4150 961 4233 Cape
973 4148 1081 4231 legem,
1089 4172 1124 4215 ae
1134 4155 1238 4222 recita,

643 4354 737 4417 LEX.

144 4494 258 4563 Auditis
272 4502 377 4581 legent,
395 4498 526 4575 iudices,
540 4510 640 4582 aperte
661 4498 769 4571 dicere,
793 4500 826 4560 si
849 4500 943 4580 quis
969 4501 1131 4563 aerarius
1157 4522 1233 4564 non
