<?xml version="1.0" encoding="UTF-8"?>
<!DOCTYPE html PUBLIC "-//W3C//DTD XHTML 1.0 Transitional//EN"
    "http://www.w3.org/TR/xhtml1/DTD/xhtml1-transitional.dtd">
<html xmlns="http://www.w3.org/1999/xhtml" xml:lang="en" lang="en">
 <head>
  <title>
</title>
<meta http-equiv="Content-Type" content="text/html;charset=utf-8" />
  <meta name='ocr-system' content='tesseract 3.04.00' />
  <meta name='ocr-capabilities' content='ocr_page ocr_carea ocr_par ocr_line ocrx_word'/>
</head>
<body>
  <div class='ocr_page' id='page_1' title='image "./oratoresatticie00dupogoog_0284.png"; bbox 0 0 2967 5017; ppageno 0'>
   <div class='ocr_carea' id='block_1_1' title="bbox 273 318 1015 391">
    <p class='ocr_par' dir='ltr' id='par_1_1' title="bbox 273 318 1015 391">
     <span class='ocr_line' id='line_1_1' title="bbox 273 318 1015 391; baseline 0.005 -4"><span class='ocrx_word' id='word_1_1' title='bbox 273 318 332 387; x_wconf 74' lang='grc'>790</span> <span class='ocrx_word' id='word_1_2' title='bbox 623 330 776 391; x_wconf 79' lang='lat' dir='ltr'><strong>ORATIO</strong></span> <span class='ocrx_word' id='word_1_3' title='bbox 798 330 1015 391; x_wconf 70' lang='lat' dir='ltr'>russatus,</span> 
     </span>
    </p>
   </div>
   <div class='ocr_carea' id='block_1_2' title="bbox 243 472 1383 4543">
    <p class='ocr_par' dir='ltr' id='par_1_2' title="bbox 271 472 1383 1768">
     <span class='ocr_line' id='line_1_2' title="bbox 272 472 1383 567; baseline 0.005 -25"><span class='ocrx_word' id='word_1_4' title='bbox 272 490 370 543; x_wconf 83' lang='lat' dir='ltr'>nutem</span> <span class='ocrx_word' id='word_1_5' title='bbox 381 502 401 542; x_wconf 83' lang='lat' dir='ltr'>a</span> <span class='ocrx_word' id='word_1_6' title='bbox 413 484 530 562; x_wconf 78' lang='lat' dir='ltr'>generis</span> <span class='ocrx_word' id='word_1_7' title='bbox 543 504 642 546; x_wconf 89' lang='lat' dir='ltr'>eoruro</span> <span class='ocrx_word' id='word_1_8' title='bbox 656 487 825 567; x_wconf 87' lang='lat' dir='ltr'>primordio.</span> <span class='ocrx_word' id='word_1_9' title='bbox 867 488 980 549; x_wconf 85' lang='lat' dir='ltr'>Horum</span> <span class='ocrx_word' id='word_1_10' title='bbox 994 490 1071 549; x_wconf 89' lang='lat' dir='ltr'>enim</span> <span class='ocrx_word' id='word_1_11' title='bbox 1091 472 1216 548; x_wconf 79' lang='lat' dir='ltr'>virorum</span> <span class='ocrx_word' id='word_1_12' title='bbox 1230 486 1383 548; x_wconf 77' lang='lat' dir='ltr'>nobilitas</span> 
     </span>
     <span class='ocr_line' id='line_1_3' title="bbox 271 575 1379 661; baseline 0.005 -27"><span class='ocrx_word' id='word_1_13' title='bbox 271 575 318 635; x_wconf 82' lang='lat' dir='ltr'>vel</span> <span class='ocrx_word' id='word_1_14' title='bbox 332 576 495 637; x_wconf 86' lang='lat' dir='ltr'>seculorum</span> <span class='ocrx_word' id='word_1_15' title='bbox 519 598 664 639; x_wconf 88' lang='lat' dir='ltr'>consensu</span> <span class='ocrx_word' id='word_1_16' title='bbox 683 581 763 661; x_wconf 88' lang='lat' dir='ltr'>apud</span> <span class='ocrx_word' id='word_1_17' title='bbox 783 600 884 641; x_wconf 81' lang='lat' dir='ltr'>ornnes</span> <span class='ocrx_word' id='word_1_18' title='bbox 907 582 1039 642; x_wconf 88' lang='lat' dir='ltr'>homines</span> <span class='ocrx_word' id='word_1_19' title='bbox 1058 591 1103 641; x_wconf 92' lang='lat' dir='ltr'>est</span> <span class='ocrx_word' id='word_1_20' title='bbox 1124 579 1256 657; x_wconf 84' lang='lat' dir='ltr'>insignis.</span> <span class='ocrx_word' id='word_1_21' title='bbox 1299 580 1379 657; x_wconf 80' lang='lat' dir='ltr'>Nec</span> 
     </span>
     <span class='ocr_line' id='line_1_4' title="bbox 272 667 1380 753; baseline 0.001 -23"><span class='ocrx_word' id='word_1_22' title='bbox 272 667 347 730; x_wconf 88' lang='lat' dir='ltr'>euim</span> <span class='ocrx_word' id='word_1_23' title='bbox 369 670 407 731; x_wconf 86' lang='lat' dir='ltr'>ad</span> <span class='ocrx_word' id='word_1_24' title='bbox 429 680 541 749; x_wconf 87' lang='lat' dir='ltr'>patrem</span> <span class='ocrx_word' id='word_1_25' title='bbox 563 672 707 732; x_wconf 83' lang='lat' dir='ltr'>duntaxat</span> <span class='ocrx_word' id='word_1_26' title='bbox 723 683 754 732; x_wconf 91' lang='lat' dir='ltr'>et</span> <span class='ocrx_word' id='word_1_27' title='bbox 773 674 897 752; x_wconf 84' lang='lat' dir='ltr'>majores</span> <span class='ocrx_word' id='word_1_28' title='bbox 911 675 1015 734; x_wconf 80' lang='lat' dir='ltr'>viritim</span> <span class='ocrx_word' id='word_1_29' title='bbox 1037 675 1144 734; x_wconf 78' lang='lat' dir='ltr'>reterre</span> <span class='ocrx_word' id='word_1_30' title='bbox 1166 684 1261 733; x_wconf 74' lang='lat' dir='ltr'>onum</span> <span class='ocrx_word' id='word_1_31' title='bbox 1280 694 1380 753; x_wconf 72' lang='lat' dir='ltr'>suum</span> 
     </span>
     <span class='ocr_line' id='line_1_5' title="bbox 273 764 1379 847; baseline 0.001 -24"><span class='ocrx_word' id='word_1_32' title='bbox 273 765 398 844; x_wconf 83' lang='lat' dir='ltr'>quisque</span> <span class='ocrx_word' id='word_1_33' title='bbox 412 772 526 843; x_wconf 82' lang='lat' dir='ltr'>potest:</span> <span class='ocrx_word' id='word_1_34' title='bbox 548 764 601 823; x_wconf 91' lang='lat' dir='ltr'>sed</span> <span class='ocrx_word' id='word_1_35' title='bbox 622 765 651 824; x_wconf 95' lang='lat' dir='ltr'>in</span> <span class='ocrx_word' id='word_1_36' title='bbox 677 786 784 845; x_wconf 81' lang='lat' dir='ltr'>genere</span> <span class='ocrx_word' id='word_1_37' title='bbox 798 768 836 826; x_wconf 93' lang='lat' dir='ltr'>ad</span> <span class='ocrx_word' id='word_1_38' title='bbox 854 777 945 827; x_wconf 85' lang='lat' dir='ltr'>totam</span> <span class='ocrx_word' id='word_1_39' title='bbox 963 768 1097 847; x_wconf 87' lang='lat' dir='ltr'>patriam,</span> <span class='ocrx_word' id='word_1_40' title='bbox 1111 771 1194 842; x_wconf 87' lang='lat' dir='ltr'>cujus</span> <span class='ocrx_word' id='word_1_41' title='bbox 1219 766 1379 845; x_wconf 74' lang='lat' dir='ltr'>indigenae</span> 
     </span>
     <span class='ocr_line' id='line_1_6' title="bbox 273 848 1379 919; baseline -0.002 -2"><span class='ocrx_word' id='word_1_42' title='bbox 273 866 340 917; x_wconf 84' lang='lat' dir='ltr'>eunt</span> <span class='ocrx_word' id='word_1_43' title='bbox 370 865 450 917; x_wconf 87' lang='lat' dir='ltr'>extra</span> <span class='ocrx_word' id='word_1_44' title='bbox 478 848 714 918; x_wconf 86' lang='lat' dir='ltr'>controversiam.</span> <span class='ocrx_word' id='word_1_45' title='bbox 775 859 835 919; x_wconf 87' lang='lat' dir='ltr'>Soli</span> <span class='ocrx_word' id='word_1_46' title='bbox 863 860 938 919; x_wconf 90' lang='lat' dir='ltr'>enirn</span> <span class='ocrx_word' id='word_1_47' title='bbox 965 860 1129 919; x_wconf 75' lang='lat' dir='ltr'>mortalium</span> <span class='ocrx_word' id='word_1_48' title='bbox 1156 859 1285 918; x_wconf 88' lang='lat' dir='ltr'>omnium</span> <span class='ocrx_word' id='word_1_49' title='bbox 1301 876 1379 916; x_wconf 86' lang='lat' dir='ltr'>earn</span> 
     </span>
     <span class='ocr_line' id='line_1_7' title="bbox 271 949 1377 1029; baseline 0 -21"><span class='ocrx_word' id='word_1_50' title='bbox 271 956 388 1017; x_wconf 83' lang='lat' dir='ltr'>terram,</span> <span class='ocrx_word' id='word_1_51' title='bbox 404 968 420 1007; x_wconf 89' lang='lat' dir='ltr'>e</span> <span class='ocrx_word' id='word_1_52' title='bbox 435 966 494 1026; x_wconf 85' lang='lat' dir='ltr'>qua</span> <span class='ocrx_word' id='word_1_53' title='bbox 512 949 574 1008; x_wconf 86' lang='lat' dir='ltr'>nati</span> <span class='ocrx_word' id='word_1_54' title='bbox 587 959 665 1020; x_wconf 87' lang='lat' dir='ltr'>sunt,</span> <span class='ocrx_word' id='word_1_55' title='bbox 679 950 832 1010; x_wconf 87' lang='lat' dir='ltr'>coluerunt</span> <span class='ocrx_word' id='word_1_56' title='bbox 846 950 1026 1029; x_wconf 75' lang='lat' dir='ltr'>posterisque</span> <span class='ocrx_word' id='word_1_57' title='bbox 1040 951 1238 1011; x_wconf 88' lang='lat' dir='ltr'>tradiderunt:</span> <span class='ocrx_word' id='word_1_58' title='bbox 1258 960 1303 1022; x_wconf 88' lang='lat' dir='ltr'>ut,</span> <span class='ocrx_word' id='word_1_59' title='bbox 1319 950 1377 1029; x_wconf 91' lang='lat' dir='ltr'>qui</span> 
     </span>
     <span class='ocr_line' id='line_1_8' title="bbox 272 1040 1378 1122; baseline 0.002 -21"><span class='ocrx_word' id='word_1_60' title='bbox 272 1040 303 1101; x_wconf 94' lang='lat' dir='ltr'>in</span> <span class='ocrx_word' id='word_1_61' title='bbox 321 1041 450 1101; x_wconf 83' lang='lat' dir='ltr'>colonias</span> <span class='ocrx_word' id='word_1_62' title='bbox 476 1060 596 1121; x_wconf 82' lang='lat' dir='ltr'>peregre</span> <span class='ocrx_word' id='word_1_63' title='bbox 618 1042 801 1103; x_wconf 83' lang='lat' dir='ltr'>advenerunt</span> <span class='ocrx_word' id='word_1_64' title='bbox 822 1064 980 1122; x_wconf 88' lang='lat' dir='ltr'>earumque</span> <span class='ocrx_word' id='word_1_65' title='bbox 998 1044 1077 1105; x_wconf 83' lang='lat' dir='ltr'>cives</span> <span class='ocrx_word' id='word_1_66' title='bbox 1092 1044 1289 1116; x_wconf 84' lang='lat' dir='ltr'>nominantur,</span> <span class='ocrx_word' id='word_1_67' title='bbox 1299 1042 1378 1122; x_wconf 88' lang='lat' dir='ltr'>jure</span> 
     </span>
     <span class='ocr_line' id='line_1_9' title="bbox 273 1132 1376 1216; baseline 0.002 -23"><span class='ocrx_word' id='word_1_68' title='bbox 273 1152 341 1193; x_wconf 88' lang='lat' dir='ltr'>cum</span> <span class='ocrx_word' id='word_1_69' title='bbox 366 1132 511 1211; x_wconf 76' lang='lat' dir='ltr'>adoptivis</span> <span class='ocrx_word' id='word_1_70' title='bbox 536 1133 602 1193; x_wconf 87' lang='lat' dir='ltr'>filiis</span> <span class='ocrx_word' id='word_1_71' title='bbox 623 1146 838 1216; x_wconf 80' lang='lat' dir='ltr'>comparentur,</span> <span class='ocrx_word' id='word_1_72' title='bbox 852 1136 883 1195; x_wconf 89' lang='lat' dir='ltr'>bi</span> <span class='ocrx_word' id='word_1_73' title='bbox 904 1156 974 1196; x_wconf 84' lang='lat' dir='ltr'>vero</span> <span class='ocrx_word' id='word_1_74' title='bbox 994 1156 1135 1215; x_wconf 86' lang='lat' dir='ltr'>germano</span> <span class='ocrx_word' id='word_1_75' title='bbox 1160 1137 1259 1215; x_wconf 75' lang='lat' dir='ltr'>petrin</span> <span class='ocrx_word' id='word_1_76' title='bbox 1280 1146 1376 1215; x_wconf 84' lang='lat' dir='ltr'>partu</span> 
     </span>
     <span class='ocr_line' id='line_1_10' title="bbox 272 1224 1377 1307; baseline 0.004 -23"><span class='ocrx_word' id='word_1_77' title='bbox 272 1224 351 1287; x_wconf 84' lang='lat' dir='ltr'>cives</span> <span class='ocrx_word' id='word_1_78' title='bbox 374 1226 433 1285; x_wconf 91' lang='lat' dir='ltr'>sint</span> <span class='ocrx_word' id='word_1_79' title='bbox 449 1225 589 1285; x_wconf 85' lang='lat' dir='ltr'>habendi.</span> <span class='ocrx_word' id='word_1_80' title='bbox 628 1227 673 1286; x_wconf 88' lang='lat' dir='ltr'>Ac</span> <span class='ocrx_word' id='word_1_81' title='bbox 697 1247 762 1288; x_wconf 87' lang='lat' dir='ltr'>mea</span> <span class='ocrx_word' id='word_1_82' title='bbox 785 1229 902 1307; x_wconf 90' lang='lat' dir='ltr'>quidem</span> <span class='ocrx_word' id='word_1_83' title='bbox 923 1229 1068 1289; x_wconf 86' lang='lat' dir='ltr'>sententia</span> <span class='ocrx_word' id='word_1_84' title='bbox 1087 1227 1161 1287; x_wconf 91' lang='lat' dir='ltr'>illud</span> <span class='ocrx_word' id='word_1_85' title='bbox 1181 1229 1267 1288; x_wconf 89' lang='lat' dir='ltr'>etiam</span> <span class='ocrx_word' id='word_1_86' title='bbox 1286 1230 1377 1307; x_wconf 90' lang='lat' dir='ltr'>quod</span> 
     </span>
     <span class='ocr_line' id='line_1_11' title="bbox 272 1316 1376 1400; baseline 0.004 -23"><span class='ocrx_word' id='word_1_87' title='bbox 272 1316 373 1397; x_wconf 81' lang='lat' dir='ltr'>l’ruges</span> <span class='ocrx_word' id='word_1_88' title='bbox 386 1317 465 1399; x_wconf 90' lang='lat' dir='ltr'>apud</span> <span class='ocrx_word' id='word_1_89' title='bbox 480 1337 534 1377; x_wconf 90' lang='lat' dir='ltr'>nos</span> <span class='ocrx_word' id='word_1_90' title='bbox 547 1318 654 1397; x_wconf 89' lang='lat' dir='ltr'>primos</span> <span class='ocrx_word' id='word_1_91' title='bbox 668 1320 854 1393; x_wconf 87' lang='lat' dir='ltr'>exstiterunt,</span> <span class='ocrx_word' id='word_1_92' title='bbox 868 1320 1152 1400; x_wconf 75' lang='lat' dir='ltr'>praeterquamquod</span> <span class='ocrx_word' id='word_1_93' title='bbox 1165 1338 1310 1380; x_wconf 88' lang='lat' dir='ltr'>summurn</span> <span class='ocrx_word' id='word_1_94' title='bbox 1321 1332 1376 1381; x_wconf 87' lang='lat' dir='ltr'>est</span> 
     </span>
     <span class='ocr_line' id='line_1_12' title="bbox 272 1410 1375 1491; baseline 0.003 -21"><span class='ocrx_word' id='word_1_95' title='bbox 272 1410 303 1470; x_wconf 87' lang='lat' dir='ltr'>in</span> <span class='ocrx_word' id='word_1_96' title='bbox 326 1428 427 1471; x_wconf 88' lang='lat' dir='ltr'>omnes</span> <span class='ocrx_word' id='word_1_97' title='bbox 446 1410 630 1483; x_wconf 87' lang='lat' dir='ltr'>beneficium,</span> <span class='ocrx_word' id='word_1_98' title='bbox 643 1410 835 1472; x_wconf 79' lang='lat' dir='ltr'>indubitabile</span> <span class='ocrx_word' id='word_1_99' title='bbox 849 1414 966 1491; x_wconf 86' lang='lat' dir='ltr'>signum</span> <span class='ocrx_word' id='word_1_100' title='bbox 986 1414 1074 1472; x_wconf 87' lang='lat' dir='ltr'>etiam</span> <span class='ocrx_word' id='word_1_101' title='bbox 1096 1423 1141 1473; x_wconf 90' lang='lat' dir='ltr'>est</span> <span class='ocrx_word' id='word_1_102' title='bbox 1164 1422 1268 1472; x_wconf 88' lang='lat' dir='ltr'>terram</span> <span class='ocrx_word' id='word_1_103' title='bbox 1290 1412 1375 1473; x_wconf 88' lang='lat' dir='ltr'>banc</span> 
     </span>
     <span class='ocr_line' id='line_1_13' title="bbox 274 1502 1373 1584; baseline 0.005 -23"><span class='ocrx_word' id='word_1_104' title='bbox 274 1502 442 1581; x_wconf 79' lang='lat' dir='ltr'>genitricem</span> <span class='ocrx_word' id='word_1_105' title='bbox 457 1522 521 1563; x_wconf 87' lang='lat' dir='ltr'>erse</span> <span class='ocrx_word' id='word_1_106' title='bbox 535 1504 678 1580; x_wconf 69' lang='lat' dir='ltr'>maiorum</span> <span class='ocrx_word' id='word_1_107' title='bbox 693 1512 870 1564; x_wconf 88' lang='lat' dir='ltr'>nostrorum.</span> <span class='ocrx_word' id='word_1_108' title='bbox 899 1505 950 1565; x_wconf 91' lang='lat' dir='ltr'>Sic</span> <span class='ocrx_word' id='word_1_109' title='bbox 962 1504 1038 1565; x_wconf 90' lang='lat' dir='ltr'>euim</span> <span class='ocrx_word' id='word_1_110' title='bbox 1049 1514 1154 1565; x_wconf 87' lang='lat' dir='ltr'>natura</span> <span class='ocrx_word' id='word_1_111' title='bbox 1166 1516 1373 1584; x_wconf 86' lang='lat' dir='ltr'>comparatum</span> 
     </span>
     <span class='ocr_line' id='line_1_14' title="bbox 273 1594 1374 1675; baseline 0.004 -20"><span class='ocrx_word' id='word_1_112' title='bbox 273 1603 329 1668; x_wconf 86' lang='lat' dir='ltr'>est,</span> <span class='ocrx_word' id='word_1_113' title='bbox 342 1604 376 1654; x_wconf 92' lang='lat' dir='ltr'>ut</span> <span class='ocrx_word' id='word_1_114' title='bbox 387 1612 568 1673; x_wconf 72' lang='lat' dir='ltr'>quecunque</span> <span class='ocrx_word' id='word_1_115' title='bbox 582 1594 709 1675; x_wconf 89' lang='lat' dir='ltr'>pariunt,</span> <span class='ocrx_word' id='word_1_116' title='bbox 723 1597 825 1657; x_wconf 89' lang='lat' dir='ltr'>eadem</span> <span class='ocrx_word' id='word_1_117' title='bbox 843 1597 931 1657; x_wconf 88' lang='lat' dir='ltr'>etiam</span> <span class='ocrx_word' id='word_1_118' title='bbox 944 1597 1052 1658; x_wconf 85' lang='lat' dir='ltr'>rictum</span> <span class='ocrx_word' id='word_1_119' title='bbox 1073 1608 1104 1657; x_wconf 88' lang='lat' dir='ltr'>et</span> <span class='ocrx_word' id='word_1_120' title='bbox 1121 1596 1286 1656; x_wconf 87' lang='lat' dir='ltr'>alimoniam</span> <span class='ocrx_word' id='word_1_121' title='bbox 1299 1617 1319 1657; x_wconf 92' lang='lat' dir='ltr'>e</span> <span class='ocrx_word' id='word_1_122' title='bbox 1340 1619 1374 1659; x_wconf 89' lang='lat' dir='ltr'>se</span> 
     </span>
     <span class='ocr_line' id='line_1_15' title="bbox 273 1686 1008 1768; baseline 0.003 -21"><span class='ocrx_word' id='word_1_123' title='bbox 273 1686 380 1766; x_wconf 84' lang='lat' dir='ltr'>genitis</span> <span class='ocrx_word' id='word_1_124' title='bbox 392 1687 599 1768; x_wconf 69' lang='lat' dir='ltr'>suppeditent:</span> <span class='ocrx_word' id='word_1_125' title='bbox 621 1687 652 1747; x_wconf 92' lang='lat' dir='ltr'>id</span> <span class='ocrx_word' id='word_1_126' title='bbox 665 1687 746 1767; x_wconf 91' lang='lat' dir='ltr'>quod</span> <span class='ocrx_word' id='word_1_127' title='bbox 755 1689 820 1748; x_wconf 83' lang='lat' dir='ltr'>haec</span> <span class='ocrx_word' id='word_1_128' title='bbox 834 1690 914 1768; x_wconf 86' lang='lat' dir='ltr'>regio</span> <span class='ocrx_word' id='word_1_129' title='bbox 929 1690 1008 1751; x_wconf 84' lang='lat' dir='ltr'>fecit.</span> 
     </span>
    </p>

    <p class='ocr_par' dir='ltr' id='par_1_3' title="bbox 266 1780 1373 3800">
     <span class='ocr_line' id='line_1_16' title="bbox 314 1780 1372 1860; baseline 0.003 -21"><span class='ocrx_word' id='word_1_130' title='bbox 314 1783 344 1841; x_wconf 86' lang='lat'>3.</span> <span class='ocrx_word' id='word_1_131' title='bbox 365 1781 439 1849; x_wconf 74' lang='lat' dir='ltr'>Quae</span> <span class='ocrx_word' id='word_1_132' title='bbox 451 1780 538 1860; x_wconf 88' lang='lat' dir='ltr'>igitur</span> <span class='ocrx_word' id='word_1_133' title='bbox 551 1780 588 1841; x_wconf 87' lang='lat' dir='ltr'>ad</span> <span class='ocrx_word' id='word_1_134' title='bbox 605 1782 716 1842; x_wconf 74' lang='lat' dir='ltr'>namles</span> <span class='ocrx_word' id='word_1_135' title='bbox 729 1782 865 1856; x_wconf 80' lang='lat' dir='ltr'>attinent,</span> <span class='ocrx_word' id='word_1_136' title='bbox 878 1803 915 1842; x_wconf 88' lang='lat' dir='ltr'>en</span> <span class='ocrx_word' id='word_1_137' title='bbox 935 1782 966 1842; x_wconf 91' lang='lat' dir='ltr'>hi</span> <span class='ocrx_word' id='word_1_138' title='bbox 979 1782 1031 1842; x_wconf 85' lang='lat' dir='ltr'>riri</span> <span class='ocrx_word' id='word_1_139' title='bbox 1043 1780 1114 1841; x_wconf 85' lang='lat' dir='ltr'>talia</span> <span class='ocrx_word' id='word_1_140' title='bbox 1127 1800 1146 1841; x_wconf 87' lang='lat' dir='ltr'>a</span> <span class='ocrx_word' id='word_1_141' title='bbox 1158 1781 1318 1860; x_wconf 86' lang='lat' dir='ltr'>majoribus</span> <span class='ocrx_word' id='word_1_142' title='bbox 1332 1786 1372 1843; x_wconf 87' lang='lat' dir='ltr'>ab</span> 
     </span>
     <span class='ocr_line' id='line_1_17' title="bbox 273 1871 1372 1954; baseline 0.003 -23"><span class='ocrx_word' id='word_1_143' title='bbox 273 1871 352 1932; x_wconf 89' lang='lat' dir='ltr'>omni</span> <span class='ocrx_word' id='word_1_144' title='bbox 365 1890 429 1931; x_wconf 85' lang='lat' dir='ltr'>tero</span> <span class='ocrx_word' id='word_1_145' title='bbox 442 1883 628 1952; x_wconf 86' lang='lat' dir='ltr'>acceperunt.</span> <span class='ocrx_word' id='word_1_146' title='bbox 669 1876 745 1941; x_wconf 76' lang='lat' dir='ltr'>Quae</span> <span class='ocrx_word' id='word_1_147' title='bbox 766 1894 835 1935; x_wconf 82' lang='lat' dir='ltr'>sero</span> <span class='ocrx_word' id='word_1_148' title='bbox 857 1884 927 1934; x_wconf 89' lang='lat' dir='ltr'>sunt</span> <span class='ocrx_word' id='word_1_149' title='bbox 942 1872 1117 1935; x_wconf 77' lang='lat' dir='ltr'>fortitudinis</span> <span class='ocrx_word' id='word_1_150' title='bbox 1138 1884 1372 1954; x_wconf 75' lang='lat' dir='ltr'>caeterarumque</span> 
     </span>
     <span class='ocr_line' id='line_1_18' title="bbox 271 1964 1372 2044; baseline 0.002 -21"><span class='ocrx_word' id='word_1_151' title='bbox 271 1964 421 2035; x_wconf 80' lang='lat' dir='ltr'>sirbitum,</span> <span class='ocrx_word' id='word_1_152' title='bbox 443 1984 480 2023; x_wconf 85' lang='lat' dir='ltr'>ca</span> <span class='ocrx_word' id='word_1_153' title='bbox 501 1964 620 2043; x_wconf 89' lang='lat' dir='ltr'>quidem</span> <span class='ocrx_word' id='word_1_154' title='bbox 644 1966 742 2025; x_wconf 88' lang='lat' dir='ltr'>omnia</span> <span class='ocrx_word' id='word_1_155' title='bbox 763 1966 871 2026; x_wconf 79' lang='lat' dir='ltr'>referre</span> <span class='ocrx_word' id='word_1_156' title='bbox 893 1966 1081 2044; x_wconf 77' lang='lat' dir='ltr'>supersedeo,</span> <span class='ocrx_word' id='word_1_157' title='bbox 1102 1966 1274 2040; x_wconf 79' lang='lat' dir='ltr'>veritusne</span> <span class='ocrx_word' id='word_1_158' title='bbox 1296 1967 1372 2027; x_wconf 88' lang='lat' dir='ltr'>mihi</span> 
     </span>
     <span class='ocr_line' id='line_1_19' title="bbox 273 2054 1373 2137; baseline 0.004 -21"><span class='ocrx_word' id='word_1_159' title='bbox 273 2076 359 2135; x_wconf 67' lang='lat' dir='ltr'>equo</span> <span class='ocrx_word' id='word_1_160' title='bbox 373 2054 510 2136; x_wconf 85' lang='lat' dir='ltr'>prolixior</span> <span class='ocrx_word' id='word_1_161' title='bbox 522 2066 658 2117; x_wconf 87' lang='lat' dir='ltr'>nascatur</span> <span class='ocrx_word' id='word_1_162' title='bbox 670 2058 783 2117; x_wconf 88' lang='lat' dir='ltr'>oratio:</span> <span class='ocrx_word' id='word_1_163' title='bbox 804 2055 858 2117; x_wconf 86' lang='lat' dir='ltr'>sed</span> <span class='ocrx_word' id='word_1_164' title='bbox 875 2077 943 2137; x_wconf 82' lang='lat' dir='ltr'>quta</span> <span class='ocrx_word' id='word_1_165' title='bbox 960 2066 991 2118; x_wconf 89' lang='lat' dir='ltr'>et</span> <span class='ocrx_word' id='word_1_166' title='bbox 1003 2057 1162 2117; x_wconf 89' lang='lat' dir='ltr'>scientibus</span> <span class='ocrx_word' id='word_1_167' title='bbox 1177 2059 1260 2118; x_wconf 89' lang='lat' dir='ltr'>utilia</span> <span class='ocrx_word' id='word_1_168' title='bbox 1272 2078 1373 2120; x_wconf 89' lang='lat' dir='ltr'>recor·</span> 
     </span>
     <span class='ocr_line' id='line_1_20' title="bbox 272 2146 1369 2231; baseline 0.005 -24"><span class='ocrx_word' id='word_1_169' title='bbox 272 2146 344 2207; x_wconf 88' lang='lat' dir='ltr'>datu</span> <span class='ocrx_word' id='word_1_170' title='bbox 362 2158 394 2207; x_wconf 91' lang='lat' dir='ltr'>et</span> <span class='ocrx_word' id='word_1_171' title='bbox 405 2147 512 2227; x_wconf 81' lang='lat' dir='ltr'>ignaris</span> <span class='ocrx_word' id='word_1_172' title='bbox 523 2148 718 2228; x_wconf 82' lang='lat' dir='ltr'>pulcherrima</span> <span class='ocrx_word' id='word_1_173' title='bbox 731 2148 844 2223; x_wconf 89' lang='lat' dir='ltr'>auditu,</span> <span class='ocrx_word' id='word_1_174' title='bbox 864 2160 905 2220; x_wconf 91' lang='lat' dir='ltr'>et,</span> <span class='ocrx_word' id='word_1_175' title='bbox 930 2158 964 2209; x_wconf 93' lang='lat' dir='ltr'>ut</span> <span class='ocrx_word' id='word_1_176' title='bbox 977 2147 1167 2210; x_wconf 76' lang='lat' dir='ltr'>admiratione</span> <span class='ocrx_word' id='word_1_177' title='bbox 1181 2150 1270 2231; x_wconf 91' lang='lat' dir='ltr'>plena</span> <span class='ocrx_word' id='word_1_178' title='bbox 1289 2163 1369 2223; x_wconf 86' lang='lat' dir='ltr'>sunt,</span> 
     </span>
     <span class='ocr_line' id='line_1_21' title="bbox 273 2240 1368 2324; baseline 0.004 -25"><span class='ocrx_word' id='word_1_179' title='bbox 273 2240 315 2301; x_wconf 88' lang='lat' dir='ltr'>sic</span> <span class='ocrx_word' id='word_1_180' title='bbox 329 2240 494 2320; x_wconf 80' lang='lat' dir='ltr'>prolixitate</span> <span class='ocrx_word' id='word_1_181' title='bbox 515 2241 680 2302; x_wconf 82' lang='lat' dir='ltr'>molestiam</span> <span class='ocrx_word' id='word_1_182' title='bbox 702 2261 763 2301; x_wconf 91' lang='lat' dir='ltr'>non</span> <span class='ocrx_word' id='word_1_183' title='bbox 785 2242 913 2321; x_wconf 84' lang='lat' dir='ltr'>pariunt,</span> <span class='ocrx_word' id='word_1_184' title='bbox 934 2263 971 2303; x_wconf 89' lang='lat' dir='ltr'>ea</span> <span class='ocrx_word' id='word_1_185' title='bbox 992 2242 1156 2303; x_wconf 86' lang='lat' dir='ltr'>summatim</span> <span class='ocrx_word' id='word_1_186' title='bbox 1172 2244 1368 2324; x_wconf 83' lang='lat' dir='ltr'>perstringere</span> 
     </span>
     <span class='ocr_line' id='line_1_22' title="bbox 271 2332 1370 2415; baseline 0.003 -21"><span class='ocrx_word' id='word_1_187' title='bbox 271 2334 409 2394; x_wconf 83' lang='lat' dir='ltr'>conabor.</span> <span class='ocrx_word' id='word_1_188' title='bbox 449 2332 527 2393; x_wconf 86' lang='lat' dir='ltr'>Nam</span> <span class='ocrx_word' id='word_1_189' title='bbox 549 2335 688 2414; x_wconf 87' lang='lat' dir='ltr'>temporis</span> <span class='ocrx_word' id='word_1_190' title='bbox 711 2346 799 2413; x_wconf 86' lang='lat' dir='ltr'>atque</span> <span class='ocrx_word' id='word_1_191' title='bbox 812 2335 907 2395; x_wconf 82' lang='lat' dir='ltr'>etatis</span> <span class='ocrx_word' id='word_1_192' title='bbox 925 2335 1013 2415; x_wconf 89' lang='lat' dir='ltr'>hujus</span> <span class='ocrx_word' id='word_1_193' title='bbox 1032 2340 1155 2411; x_wconf 73' lang='lat' dir='ltr'>majores</span> <span class='ocrx_word' id='word_1_194' title='bbox 1171 2345 1203 2395; x_wconf 91' lang='lat' dir='ltr'>et</span> <span class='ocrx_word' id='word_1_195' title='bbox 1225 2347 1327 2415; x_wconf 88' lang='lat' dir='ltr'>patres</span> <span class='ocrx_word' id='word_1_196' title='bbox 1339 2348 1370 2397; x_wconf 90' lang='lat' dir='ltr'>et</span> 
     </span>
     <span class='ocr_line' id='line_1_23' title="bbox 270 2418 1368 2509; baseline 0.005 -25"><span class='ocrx_word' id='word_1_197' title='bbox 270 2427 291 2486; x_wconf 92' lang='lat' dir='ltr'>ii</span> <span class='ocrx_word' id='word_1_198' title='bbox 305 2445 429 2506; x_wconf 88' lang='lat' dir='ltr'>quornm</span> <span class='ocrx_word' id='word_1_199' title='bbox 442 2425 652 2505; x_wconf 87' lang='lat' dir='ltr'>appellationes</span> <span class='ocrx_word' id='word_1_200' title='bbox 666 2426 754 2486; x_wconf 87' lang='lat' dir='ltr'>altius</span> <span class='ocrx_word' id='word_1_201' title='bbox 767 2426 960 2501; x_wconf 82' lang='lat' dir='ltr'>adscendunt,</span> <span class='ocrx_word' id='word_1_202' title='bbox 968 2448 1020 2508; x_wconf 90' lang='lat' dir='ltr'>per</span> <span class='ocrx_word' id='word_1_203' title='bbox 1028 2448 1101 2507; x_wconf 83' lang='lat' dir='ltr'>quas</span> <span class='ocrx_word' id='word_1_204' title='bbox 1110 2428 1138 2486; x_wconf 93' lang='lat' dir='ltr'>in</span> <span class='ocrx_word' id='word_1_205' title='bbox 1148 2418 1264 2489; x_wconf 83' lang='lat' dir='ltr'>familiis</span> <span class='ocrx_word' id='word_1_206' title='bbox 1276 2450 1368 2509; x_wconf 85' lang='lat' dir='ltr'>agno·</span> 
     </span>
     <span class='ocr_line' id='line_1_24' title="bbox 272 2515 1369 2600; baseline 0.002 -21"><span class='ocrx_word' id='word_1_207' title='bbox 272 2527 404 2596; x_wconf 80' lang='lat' dir='ltr'>scantur,</span> <span class='ocrx_word' id='word_1_208' title='bbox 421 2515 529 2577; x_wconf 88' lang='lat' dir='ltr'>nemini</span> <span class='ocrx_word' id='word_1_209' title='bbox 547 2536 685 2596; x_wconf 88' lang='lat' dir='ltr'>unquam,</span> <span class='ocrx_word' id='word_1_210' title='bbox 709 2518 757 2578; x_wconf 86' lang='lat' dir='ltr'>vel</span> <span class='ocrx_word' id='word_1_211' title='bbox 778 2518 909 2579; x_wconf 88' lang='lat' dir='ltr'>Barbaro</span> <span class='ocrx_word' id='word_1_212' title='bbox 930 2520 978 2580; x_wconf 87' lang='lat' dir='ltr'>vel</span> <span class='ocrx_word' id='word_1_213' title='bbox 1003 2520 1120 2593; x_wconf 81' lang='lat' dir='ltr'>Graeco,</span> <span class='ocrx_word' id='word_1_214' title='bbox 1136 2519 1270 2600; x_wconf 86' lang='lat' dir='ltr'>injuriam</span> <span class='ocrx_word' id='word_1_215' title='bbox 1290 2522 1369 2581; x_wconf 82' lang='lat' dir='ltr'>iece-</span> 
     </span>
     <span class='ocr_line' id='line_1_25' title="bbox 271 2610 1370 2691; baseline 0.004 -21"><span class='ocrx_word' id='word_1_216' title='bbox 271 2620 349 2685; x_wconf 88' lang='lat' dir='ltr'>runt,</span> <span class='ocrx_word' id='word_1_217' title='bbox 369 2611 422 2671; x_wconf 90' lang='lat' dir='ltr'>sed</span> <span class='ocrx_word' id='word_1_218' title='bbox 438 2621 544 2689; x_wconf 74' lang='lat' dir='ltr'>prater</span> <span class='ocrx_word' id='word_1_219' title='bbox 557 2620 677 2670; x_wconf 79' lang='lat' dir='ltr'>caeteras</span> <span class='ocrx_word' id='word_1_220' title='bbox 690 2610 749 2671; x_wconf 86' lang='lat' dir='ltr'>hec</span> <span class='ocrx_word' id='word_1_221' title='bbox 772 2632 889 2691; x_wconf 90' lang='lat' dir='ltr'>quoque</span> <span class='ocrx_word' id='word_1_222' title='bbox 903 2612 991 2673; x_wconf 87' lang='lat' dir='ltr'>laude</span> <span class='ocrx_word' id='word_1_223' title='bbox 1005 2612 1173 2685; x_wconf 87' lang='lat' dir='ltr'>floruerunt,</span> <span class='ocrx_word' id='word_1_224' title='bbox 1186 2622 1221 2671; x_wconf 93' lang='lat' dir='ltr'>ut</span> <span class='ocrx_word' id='word_1_225' title='bbox 1232 2612 1319 2673; x_wconf 91' lang='lat' dir='ltr'>iidem</span> <span class='ocrx_word' id='word_1_226' title='bbox 1338 2625 1370 2674; x_wconf 90' lang='lat' dir='ltr'>et</span> 
     </span>
     <span class='ocr_line' id='line_1_26' title="bbox 270 2703 1367 2785; baseline 0.003 -22"><span class='ocrx_word' id='word_1_227' title='bbox 270 2704 324 2764; x_wconf 84' lang='lat' dir='ltr'>viri</span> <span class='ocrx_word' id='word_1_228' title='bbox 342 2713 513 2783; x_wconf 73' lang='lat' dir='ltr'>praestantes</span> <span class='ocrx_word' id='word_1_229' title='bbox 528 2714 557 2763; x_wconf 90' lang='lat' dir='ltr'>et</span> <span class='ocrx_word' id='word_1_230' title='bbox 571 2703 698 2763; x_wconf 90' lang='lat' dir='ltr'>omniurn</span> <span class='ocrx_word' id='word_1_231' title='bbox 715 2705 868 2784; x_wconf 86' lang='lat' dir='ltr'>justissimi</span> <span class='ocrx_word' id='word_1_232' title='bbox 882 2704 1079 2765; x_wconf 86' lang='lat' dir='ltr'>haberentur:</span> <span class='ocrx_word' id='word_1_233' title='bbox 1100 2705 1301 2785; x_wconf 82' lang='lat' dir='ltr'>propulsanda</span> <span class='ocrx_word' id='word_1_234' title='bbox 1314 2726 1367 2766; x_wconf 85' lang='lat' dir='ltr'>au·</span> 
     </span>
     <span class='ocr_line' id='line_1_27' title="bbox 272 2795 1365 2876; baseline -0.001 -19"><span class='ocrx_word' id='word_1_235' title='bbox 272 2806 330 2857; x_wconf 86' lang='lat' dir='ltr'>tem</span> <span class='ocrx_word' id='word_1_236' title='bbox 343 2798 372 2858; x_wconf 85' lang='lat' dir='ltr'>ri</span> <span class='ocrx_word' id='word_1_237' title='bbox 385 2797 479 2858; x_wconf 89' lang='lat' dir='ltr'>multa</span> <span class='ocrx_word' id='word_1_238' title='bbox 491 2806 520 2855; x_wconf 92' lang='lat' dir='ltr'>et</span> <span class='ocrx_word' id='word_1_239' title='bbox 533 2795 672 2876; x_wconf 62' lang='lat' dir='ltr'>preclara</span> <span class='ocrx_word' id='word_1_240' title='bbox 686 2796 816 2857; x_wconf 84' lang='lat' dir='ltr'>facinora</span> <span class='ocrx_word' id='word_1_241' title='bbox 828 2797 993 2857; x_wconf 82' lang='lat' dir='ltr'>ediderunt.</span> <span class='ocrx_word' id='word_1_242' title='bbox 1035 2797 1111 2856; x_wconf 89' lang='lat' dir='ltr'>Nam</span> <span class='ocrx_word' id='word_1_243' title='bbox 1133 2806 1164 2857; x_wconf 89' lang='lat' dir='ltr'>et</span> <span class='ocrx_word' id='word_1_244' title='bbox 1185 2797 1365 2857; x_wconf 83' lang='lat' dir='ltr'>Amazonum</span> 
     </span>
     <span class='ocr_line' id='line_1_28' title="bbox 271 2888 1365 2968; baseline 0.002 -19"><span class='ocrx_word' id='word_1_245' title='bbox 271 2890 429 2951; x_wconf 84' lang='lat' dir='ltr'>exercitum</span> <span class='ocrx_word' id='word_1_246' title='bbox 440 2890 499 2949; x_wconf 90' lang='lat' dir='ltr'>buc</span> <span class='ocrx_word' id='word_1_247' title='bbox 511 2908 696 2968; x_wconf 81' lang='lat' dir='ltr'>progressum</span> <span class='ocrx_word' id='word_1_248' title='bbox 711 2890 754 2949; x_wconf 90' lang='lat' dir='ltr'>ita</span> <span class='ocrx_word' id='word_1_249' title='bbox 772 2890 907 2949; x_wconf 78' lang='lat' dir='ltr'>vicerunt</span> <span class='ocrx_word' id='word_1_250' title='bbox 918 2900 951 2949; x_wconf 89' lang='lat' dir='ltr'>ut</span> <span class='ocrx_word' id='word_1_251' title='bbox 970 2909 1037 2949; x_wconf 88' lang='lat' dir='ltr'>euru</span> <span class='ocrx_word' id='word_1_252' title='bbox 1050 2888 1128 2948; x_wconf 84' lang='lat' dir='ltr'>ultre</span> <span class='ocrx_word' id='word_1_253' title='bbox 1142 2888 1298 2950; x_wconf 87' lang='lat' dir='ltr'>Phasidem</span> <span class='ocrx_word' id='word_1_254' title='bbox 1312 2911 1365 2951; x_wconf 85' lang='lat' dir='ltr'>ex·</span> 
     </span>
     <span class='ocr_line' id='line_1_29' title="bbox 272 2981 1366 3061; baseline 0 -18"><span class='ocrx_word' id='word_1_255' title='bbox 272 2983 471 3055; x_wconf 82' lang='lat' dir='ltr'>terminarent,</span> <span class='ocrx_word' id='word_1_256' title='bbox 486 2994 518 3043; x_wconf 90' lang='lat' dir='ltr'>et</span> <span class='ocrx_word' id='word_1_257' title='bbox 531 2982 667 3061; x_wconf 88' lang='lat' dir='ltr'>Eumolpi</span> <span class='ocrx_word' id='word_1_258' title='bbox 688 2981 904 3060; x_wconf 89' lang='lat' dir='ltr'>multorumque</span> <span class='ocrx_word' id='word_1_259' title='bbox 918 2981 1038 3041; x_wconf 83' lang='lat' dir='ltr'>aliorum</span> <span class='ocrx_word' id='word_1_260' title='bbox 1053 2982 1196 3041; x_wconf 85' lang='lat' dir='ltr'>exercitus</span> <span class='ocrx_word' id='word_1_261' title='bbox 1209 3000 1269 3043; x_wconf 93' lang='lat' dir='ltr'>non</span> <span class='ocrx_word' id='word_1_262' title='bbox 1282 3003 1299 3042; x_wconf 88' lang='lat' dir='ltr'>e</span> <span class='ocrx_word' id='word_1_263' title='bbox 1312 3003 1366 3043; x_wconf 88' lang='lat' dir='ltr'>sua</span> 
     </span>
     <span class='ocr_line' id='line_1_30' title="bbox 272 3071 1364 3155; baseline 0 -20"><span class='ocrx_word' id='word_1_264' title='bbox 272 3076 371 3149; x_wconf 92' lang='lat' dir='ltr'>modo,</span> <span class='ocrx_word' id='word_1_265' title='bbox 384 3074 536 3137; x_wconf 86' lang='lat' dir='ltr'>sedetiam</span> <span class='ocrx_word' id='word_1_266' title='bbox 550 3084 720 3133; x_wconf 76' lang='lat' dir='ltr'>caeterorum</span> <span class='ocrx_word' id='word_1_267' title='bbox 734 3071 918 3147; x_wconf 77' lang='lat' dir='ltr'>Graecorum,</span> <span class='ocrx_word' id='word_1_268' title='bbox 932 3072 1043 3132; x_wconf 90' lang='lat' dir='ltr'>ditione</span> <span class='ocrx_word' id='word_1_269' title='bbox 1055 3073 1268 3153; x_wconf 87' lang='lat' dir='ltr'>profligarunt:</span> <span class='ocrx_word' id='word_1_270' title='bbox 1292 3094 1364 3155; x_wconf 87' lang='lat' dir='ltr'>quos</span> 
     </span>
     <span class='ocr_line' id='line_1_31' title="bbox 271 3162 1364 3247; baseline 0 -20"><span class='ocrx_word' id='word_1_271' title='bbox 271 3169 321 3247; x_wconf 91' lang='lat' dir='ltr'>qui</span> <span class='ocrx_word' id='word_1_272' title='bbox 339 3188 427 3247; x_wconf 87' lang='lat' dir='ltr'>supra</span> <span class='ocrx_word' id='word_1_273' title='bbox 448 3186 504 3226; x_wconf 90' lang='lat' dir='ltr'>nos</span> <span class='ocrx_word' id='word_1_274' title='bbox 528 3165 567 3223; x_wconf 90' lang='lat' dir='ltr'>ad</span> <span class='ocrx_word' id='word_1_275' title='bbox 592 3162 784 3223; x_wconf 87' lang='lat' dir='ltr'>Occidentem</span> <span class='ocrx_word' id='word_1_276' title='bbox 804 3165 947 3234; x_wconf 88' lang='lat' dir='ltr'>habitant,</span> <span class='ocrx_word' id='word_1_277' title='bbox 962 3184 1064 3225; x_wconf 88' lang='lat' dir='ltr'>omnes</span> <span class='ocrx_word' id='word_1_278' title='bbox 1078 3185 1133 3226; x_wconf 92' lang='lat' dir='ltr'>nec</span> <span class='ocrx_word' id='word_1_279' title='bbox 1153 3167 1298 3227; x_wconf 89' lang='lat' dir='ltr'>sustinere</span> <span class='ocrx_word' id='word_1_280' title='bbox 1310 3187 1364 3227; x_wconf 88' lang='lat' dir='ltr'>nec</span> 
     </span>
     <span class='ocr_line' id='line_1_32' title="bbox 266 3254 1364 3339; baseline 0.004 -22"><span class='ocrx_word' id='word_1_281' title='bbox 266 3259 419 3339; x_wconf 87' lang='lat' dir='ltr'>probibere</span> <span class='ocrx_word' id='word_1_282' title='bbox 431 3264 597 3336; x_wconf 87' lang='lat' dir='ltr'>potuerunt.</span> <span class='ocrx_word' id='word_1_283' title='bbox 640 3254 718 3325; x_wconf 82' lang='lat' dir='ltr'>Quin</span> <span class='ocrx_word' id='word_1_284' title='bbox 733 3266 765 3315; x_wconf 90' lang='lat' dir='ltr'>et</span> <span class='ocrx_word' id='word_1_285' title='bbox 782 3256 941 3317; x_wconf 84' lang='lat' dir='ltr'>liberorum</span> <span class='ocrx_word' id='word_1_286' title='bbox 951 3256 1100 3329; x_wconf 86' lang='lat' dir='ltr'>Herculis,</span> <span class='ocrx_word' id='word_1_287' title='bbox 1114 3258 1240 3338; x_wconf 88' lang='lat' dir='ltr'>ejusqui</span> <span class='ocrx_word' id='word_1_288' title='bbox 1253 3262 1364 3321; x_wconf 76' lang='lat' dir='ltr'>caeteris</span> 
     </span>
     <span class='ocr_line' id='line_1_33' title="bbox 272 3348 1362 3422; baseline 0.003 -11"><span class='ocrx_word' id='word_1_289' title='bbox 272 3350 396 3411; x_wconf 84' lang='lat' dir='ltr'>salutem</span> <span class='ocrx_word' id='word_1_290' title='bbox 420 3348 519 3419; x_wconf 87' lang='lat' dir='ltr'>dabat,</span> <span class='ocrx_word' id='word_1_291' title='bbox 539 3358 699 3408; x_wconf 83' lang='lat' dir='ltr'>servatores</span> <span class='ocrx_word' id='word_1_292' title='bbox 720 3349 861 3410; x_wconf 86' lang='lat' dir='ltr'>nominati</span> <span class='ocrx_word' id='word_1_293' title='bbox 882 3361 962 3422; x_wconf 89' lang='lat' dir='ltr'>sunt,</span> <span class='ocrx_word' id='word_1_294' title='bbox 975 3370 1044 3410; x_wconf 89' lang='lat' dir='ltr'>cum</span> <span class='ocrx_word' id='word_1_295' title='bbox 1064 3351 1106 3410; x_wconf 91' lang='lat' dir='ltr'>illi</span> <span class='ocrx_word' id='word_1_296' title='bbox 1119 3352 1148 3412; x_wconf 92' lang='lat' dir='ltr'>in</span> <span class='ocrx_word' id='word_1_297' title='bbox 1168 3352 1245 3413; x_wconf 81' lang='lat' dir='ltr'>lianc</span> <span class='ocrx_word' id='word_1_298' title='bbox 1258 3362 1362 3413; x_wconf 83' lang='lat' dir='ltr'>terreto</span> 
     </span>
     <span class='ocr_line' id='line_1_34' title="bbox 271 3440 1363 3524; baseline 0.003 -22"><span class='ocrx_word' id='word_1_299' title='bbox 271 3440 426 3524; x_wconf 87' lang='lat' dir='ltr'>supplices,</span> <span class='ocrx_word' id='word_1_300' title='bbox 437 3440 635 3521; x_wconf 86' lang='lat' dir='ltr'>Eurystheum</span> <span class='ocrx_word' id='word_1_301' title='bbox 646 3440 818 3521; x_wconf 84' lang='lat' dir='ltr'>fugitantes.</span> <span class='ocrx_word' id='word_1_302' title='bbox 828 3442 986 3504; x_wconf 82' lang='lat' dir='ltr'>venissent.</span> <span class='ocrx_word' id='word_1_303' title='bbox 1028 3444 1067 3503; x_wconf 89' lang='lat' dir='ltr'>Et</span> <span class='ocrx_word' id='word_1_304' title='bbox 1079 3454 1184 3524; x_wconf 74' lang='lat' dir='ltr'>preater</span> <span class='ocrx_word' id='word_1_305' title='bbox 1192 3446 1259 3506; x_wconf 84' lang='lat' dir='ltr'>haec</span> <span class='ocrx_word' id='word_1_306' title='bbox 1269 3446 1363 3505; x_wconf 85' lang='lat' dir='ltr'>omnia</span> 
     </span>
     <span class='ocr_line' id='line_1_35' title="bbox 271 3534 1362 3617; baseline 0.002 -21"><span class='ocrx_word' id='word_1_307' title='bbox 271 3535 419 3615; x_wconf 89' lang='lat' dir='ltr'>multaque</span> <span class='ocrx_word' id='word_1_308' title='bbox 439 3534 497 3595; x_wconf 86' lang='lat' dir='ltr'>alia</span> <span class='ocrx_word' id='word_1_309' title='bbox 517 3544 548 3595; x_wconf 91' lang='lat' dir='ltr'>et</span> <span class='ocrx_word' id='word_1_310' title='bbox 568 3535 711 3615; x_wconf 70' lang='lat' dir='ltr'>praeclara</span> <span class='ocrx_word' id='word_1_311' title='bbox 727 3537 860 3597; x_wconf 84' lang='lat' dir='ltr'>facinora</span> <span class='ocrx_word' id='word_1_312' title='bbox 876 3537 945 3617; x_wconf 87' lang='lat' dir='ltr'>jura</span> <span class='ocrx_word' id='word_1_313' title='bbox 964 3535 1167 3597; x_wconf 78' lang='lat' dir='ltr'>defunctorum</span> <span class='ocrx_word' id='word_1_314' title='bbox 1187 3537 1287 3598; x_wconf 69' lang='lat' dir='ltr'>molari</span> <span class='ocrx_word' id='word_1_315' title='bbox 1305 3558 1362 3598; x_wconf 91' lang='lat' dir='ltr'>noo</span> 
     </span>
     <span class='ocr_line' id='line_1_36' title="bbox 271 3625 1361 3708; baseline 0.001 -19"><span class='ocrx_word' id='word_1_316' title='bbox 271 3630 410 3702; x_wconf 88' lang='lat' dir='ltr'>siverunt,</span> <span class='ocrx_word' id='word_1_317' title='bbox 423 3647 491 3687; x_wconf 89' lang='lat' dir='ltr'>cum</span> <span class='ocrx_word' id='word_1_318' title='bbox 505 3636 616 3706; x_wconf 89' lang='lat' dir='ltr'>septem</span> <span class='ocrx_word' id='word_1_319' title='bbox 634 3625 700 3687; x_wconf 92' lang='lat' dir='ltr'>illos</span> <span class='ocrx_word' id='word_1_320' title='bbox 721 3628 772 3707; x_wconf 91' lang='lat' dir='ltr'>qui</span> <span class='ocrx_word' id='word_1_321' title='bbox 794 3629 824 3687; x_wconf 92' lang='lat' dir='ltr'>in</span> <span class='ocrx_word' id='word_1_322' title='bbox 846 3628 1032 3708; x_wconf 87' lang='lat' dir='ltr'>expeditione</span> <span class='ocrx_word' id='word_1_323' title='bbox 1046 3627 1187 3689; x_wconf 79' lang='lat' dir='ltr'>Thebana</span> <span class='ocrx_word' id='word_1_324' title='bbox 1199 3626 1361 3690; x_wconf 87' lang='lat' dir='ltr'>ceciderant</span> 
     </span>
     <span class='ocr_line' id='line_1_37' title="bbox 270 3720 687 3800; baseline -0.005 -19"><span class='ocrx_word' id='word_1_325' title='bbox 270 3720 382 3781; x_wconf 89' lang='lat' dir='ltr'>humari</span> <span class='ocrx_word' id='word_1_326' title='bbox 396 3720 493 3783; x_wconf 85' lang='lat' dir='ltr'>Creon</span> <span class='ocrx_word' id='word_1_327' title='bbox 512 3720 687 3800; x_wconf 84' lang='lat' dir='ltr'>prohiberet.</span> 
     </span>
    </p>

    <p class='ocr_par' dir='ltr' id='par_1_4' title="bbox 243 3806 1359 4543">
     <span class='ocr_line' id='line_1_38' title="bbox 243 3806 1359 3893; baseline 0 -19"><span class='ocrx_word' id='word_1_328' title='bbox 243 3840 247 3845; x_wconf 94' lang='lat'>·</span> <span class='ocrx_word' id='word_1_329' title='bbox 310 3818 340 3874; x_wconf 88' lang='lat'>4.</span> <span class='ocrx_word' id='word_1_330' title='bbox 364 3816 408 3875; x_wconf 85' lang='lat' dir='ltr'>Ac</span> <span class='ocrx_word' id='word_1_331' title='bbox 435 3832 625 3891; x_wconf 68' lang='lat' dir='ltr'>eorumquae</span> <span class='ocrx_word' id='word_1_332' title='bbox 656 3806 674 3873; x_wconf 86' lang='lat' dir='ltr'>a&#39;</span> <span class='ocrx_word' id='word_1_333' title='bbox 700 3812 796 3892; x_wconf 91' lang='lat' dir='ltr'>poetis</span> <span class='ocrx_word' id='word_1_334' title='bbox 819 3814 976 3875; x_wconf 77' lang='lat' dir='ltr'>decanatu</span> <span class='ocrx_word' id='word_1_335' title='bbox 992 3823 1061 3874; x_wconf 87' lang='lat' dir='ltr'>sunt</span> <span class='ocrx_word' id='word_1_336' title='bbox 1085 3813 1198 3874; x_wconf 90' lang='lat' dir='ltr'>omissis</span> <span class='ocrx_word' id='word_1_337' title='bbox 1225 3814 1359 3893; x_wconf 88' lang='lat' dir='ltr'>plurimis,</span> 
     </span>
     <span class='ocr_line' id='line_1_39' title="bbox 271 3906 1358 3985; baseline 0.002 -20"><span class='ocrx_word' id='word_1_338' title='bbox 271 3907 373 3967; x_wconf 86' lang='lat' dir='ltr'>horum</span> <span class='ocrx_word' id='word_1_339' title='bbox 397 3906 454 3967; x_wconf 86' lang='lat' dir='ltr'>secl</span> <span class='ocrx_word' id='word_1_340' title='bbox 478 3906 662 3979; x_wconf 88' lang='lat' dir='ltr'>mentionem,</span> <span class='ocrx_word' id='word_1_341' title='bbox 685 3924 751 3984; x_wconf 76' lang='lat' dir='ltr'>qun</span> <span class='ocrx_word' id='word_1_342' title='bbox 776 3906 894 3985; x_wconf 85' lang='lat' dir='ltr'>singula</span> <span class='ocrx_word' id='word_1_343' title='bbox 915 3917 976 3966; x_wconf 88' lang='lat' dir='ltr'>tarn</span> <span class='ocrx_word' id='word_1_344' title='bbox 997 3908 1115 3967; x_wconf 88' lang='lat' dir='ltr'>uberem</span> <span class='ocrx_word' id='word_1_345' title='bbox 1134 3919 1195 3967; x_wconf 87' lang='lat' dir='ltr'>tam</span> <span class='ocrx_word' id='word_1_346' title='bbox 1212 3906 1358 3967; x_wconf 87' lang='lat' dir='ltr'>honestam</span> 
     </span>
     <span class='ocr_line' id='line_1_40' title="bbox 270 3997 1358 4079; baseline 0.002 -22"><span class='ocrx_word' id='word_1_347' title='bbox 270 3997 386 4061; x_wconf 88' lang='lat' dir='ltr'>dicendi</span> <span class='ocrx_word' id='word_1_348' title='bbox 408 3998 553 4061; x_wconf 84' lang='lat' dir='ltr'>materiam</span> <span class='ocrx_word' id='word_1_349' title='bbox 580 3998 776 4079; x_wconf 85' lang='lat' dir='ltr'>suppeditant,</span> <span class='ocrx_word' id='word_1_350' title='bbox 799 4010 833 4057; x_wconf 91' lang='lat' dir='ltr'>ut</span> <span class='ocrx_word' id='word_1_351' title='bbox 856 4010 888 4059; x_wconf 92' lang='lat' dir='ltr'>et</span> <span class='ocrx_word' id='word_1_352' title='bbox 909 4000 1057 4059; x_wconf 79' lang='lat' dir='ltr'>adsuictae</span> <span class='ocrx_word' id='word_1_353' title='bbox 1076 3999 1204 4060; x_wconf 87' lang='lat' dir='ltr'>numeris</span> <span class='ocrx_word' id='word_1_354' title='bbox 1227 4000 1358 4060; x_wconf 85' lang='lat' dir='ltr'>orationis</span> 
     </span>
     <span class='ocr_line' id='line_1_41' title="bbox 271 4089 1357 4171; baseline 0.001 -21"><span class='ocrx_word' id='word_1_355' title='bbox 271 4092 398 4152; x_wconf 84' lang='lat' dir='ltr'>artifices</span> <span class='ocrx_word' id='word_1_356' title='bbox 426 4103 457 4152; x_wconf 87' lang='lat' dir='ltr'>et</span> <span class='ocrx_word' id='word_1_357' title='bbox 482 4090 650 4151; x_wconf 87' lang='lat' dir='ltr'>cantionum</span> <span class='ocrx_word' id='word_1_358' title='bbox 682 4100 816 4151; x_wconf 85' lang='lat' dir='ltr'>auctores</span> <span class='ocrx_word' id='word_1_359' title='bbox 837 4101 868 4149; x_wconf 93' lang='lat' dir='ltr'>et</span> <span class='ocrx_word' id='word_1_360' title='bbox 890 4089 974 4149; x_wconf 87' lang='lat' dir='ltr'>multi</span> <span class='ocrx_word' id='word_1_361' title='bbox 997 4110 1092 4150; x_wconf 91' lang='lat' dir='ltr'>rerum</span> <span class='ocrx_word' id='word_1_362' title='bbox 1114 4102 1263 4171; x_wconf 86' lang='lat' dir='ltr'>gestarum</span> <span class='ocrx_word' id='word_1_363' title='bbox 1292 4092 1357 4151; x_wconf 90' lang='lat' dir='ltr'>scri·</span> 
     </span>
     <span class='ocr_line' id='line_1_42' title="bbox 270 4182 1358 4265; baseline -0.003 -20"><span class='ocrx_word' id='word_1_364' title='bbox 270 4196 370 4265; x_wconf 87' lang='lat' dir='ltr'>ptores</span> <span class='ocrx_word' id='word_1_365' title='bbox 397 4186 511 4247; x_wconf 89' lang='lat' dir='ltr'>illorum</span> <span class='ocrx_word' id='word_1_366' title='bbox 539 4186 624 4245; x_wconf 84' lang='lat' dir='ltr'>iactis</span> <span class='ocrx_word' id='word_1_367' title='bbox 652 4184 790 4246; x_wconf 87' lang='lat' dir='ltr'>ornandis</span> <span class='ocrx_word' id='word_1_368' title='bbox 819 4184 938 4263; x_wconf 84' lang='lat' dir='ltr'>ingenia</span> <span class='ocrx_word' id='word_1_369' title='bbox 961 4182 1180 4262; x_wconf 85' lang='lat' dir='ltr'>doctrinamque</span> <span class='ocrx_word' id='word_1_370' title='bbox 1206 4202 1287 4244; x_wconf 87' lang='lat' dir='ltr'>suam</span> <span class='ocrx_word' id='word_1_371' title='bbox 1314 4202 1358 4242; x_wconf 90' lang='lat' dir='ltr'>os-</span> 
     </span>
     <span class='ocr_line' id='line_1_43' title="bbox 271 4276 1357 4358; baseline 0 -21"><span class='ocrx_word' id='word_1_372' title='bbox 271 4278 425 4337; x_wconf 89' lang='lat' dir='ltr'>tentarint:</span> <span class='ocrx_word' id='word_1_373' title='bbox 455 4298 615 4358; x_wconf 78' lang='lat' dir='ltr'>quaerero</span> <span class='ocrx_word' id='word_1_374' title='bbox 642 4278 783 4358; x_wconf 84' lang='lat' dir='ltr'>dignitate</span> <span class='ocrx_word' id='word_1_375' title='bbox 811 4296 906 4337; x_wconf 91' lang='lat' dir='ltr'>rerum</span> <span class='ocrx_word' id='word_1_376' title='bbox 928 4276 1018 4338; x_wconf 90' lang='lat' dir='ltr'>nihilo</span> <span class='ocrx_word' id='word_1_377' title='bbox 1041 4278 1097 4337; x_wconf 88' lang='lat' dir='ltr'>illis</span> <span class='ocrx_word' id='word_1_378' title='bbox 1128 4276 1284 4351; x_wconf 87' lang='lat' dir='ltr'>deteriora,</span> <span class='ocrx_word' id='word_1_379' title='bbox 1310 4278 1357 4337; x_wconf 88' lang='lat' dir='ltr'>sed</span> 
     </span>
     <span class='ocr_line' id='line_1_44' title="bbox 270 4368 1356 4451; baseline -0.001 -22"><span class='ocrx_word' id='word_1_380' title='bbox 270 4370 340 4451; x_wconf 90' lang='lat' dir='ltr'>quia</span> <span class='ocrx_word' id='word_1_381' title='bbox 353 4390 450 4429; x_wconf 88' lang='lat' dir='ltr'>eorum</span> <span class='ocrx_word' id='word_1_382' title='bbox 464 4373 601 4431; x_wconf 84' lang='lat' dir='ltr'>memoria</span> <span class='ocrx_word' id='word_1_383' title='bbox 621 4370 765 4432; x_wconf 89' lang='lat' dir='ltr'>recentior</span> <span class='ocrx_word' id='word_1_384' title='bbox 778 4380 832 4441; x_wconf 90' lang='lat' dir='ltr'>est,</span> <span class='ocrx_word' id='word_1_385' title='bbox 849 4370 978 4430; x_wconf 87' lang='lat' dir='ltr'>nondum</span> <span class='ocrx_word' id='word_1_386' title='bbox 995 4390 1013 4431; x_wconf 87' lang='lat' dir='ltr'>a</span> <span class='ocrx_word' id='word_1_387' title='bbox 1031 4368 1124 4450; x_wconf 86' lang='lat' dir='ltr'>poetis</span> <span class='ocrx_word' id='word_1_388' title='bbox 1138 4380 1292 4450; x_wconf 83' lang='lat' dir='ltr'>occupata,</span> <span class='ocrx_word' id='word_1_389' title='bbox 1309 4389 1356 4429; x_wconf 87' lang='lat' dir='ltr'>nec</span> 
     </span>
     <span class='ocr_line' id='line_1_45' title="bbox 269 4461 1355 4543; baseline 0 -22"><span class='ocrx_word' id='word_1_390' title='bbox 269 4462 299 4521; x_wconf 90' lang='lat' dir='ltr'>in</span> <span class='ocrx_word' id='word_1_391' title='bbox 311 4462 457 4523; x_wconf 88' lang='lat' dir='ltr'>heroicum</span> <span class='ocrx_word' id='word_1_392' title='bbox 480 4461 561 4522; x_wconf 88' lang='lat' dir='ltr'>illum</span> <span class='ocrx_word' id='word_1_393' title='bbox 574 4465 703 4524; x_wconf 89' lang='lat' dir='ltr'>ordinem</span> <span class='ocrx_word' id='word_1_394' title='bbox 719 4463 811 4525; x_wconf 87' lang='lat' dir='ltr'>relata</span> <span class='ocrx_word' id='word_1_395' title='bbox 824 4474 902 4535; x_wconf 87' lang='lat' dir='ltr'>sunt,</span> <span class='ocrx_word' id='word_1_396' title='bbox 922 4484 959 4523; x_wconf 87' lang='lat' dir='ltr'>ea</span> <span class='ocrx_word' id='word_1_397' title='bbox 976 4463 1038 4543; x_wconf 81' lang='lat' dir='ltr'>janu</span> <span class='ocrx_word' id='word_1_398' title='bbox 1062 4464 1168 4524; x_wconf 86' lang='lat' dir='ltr'>dicam.</span> <span class='ocrx_word' id='word_1_399' title='bbox 1211 4463 1257 4523; x_wconf 89' lang='lat' dir='ltr'>llli</span> <span class='ocrx_word' id='word_1_400' title='bbox 1277 4462 1355 4541; x_wconf 87' lang='lat' dir='ltr'>igitur</span> 
     </span>
    </p>
   </div>
   <div class='ocr_carea' id='block_1_3' title="bbox 0 0 1488 5017">
    <p class='ocr_par' dir='ltr' id='par_1_5' title="bbox 0 0 1488 5017">
     <span class='ocr_line' id='line_1_46' title="bbox 0 0 1488 5017; baseline 0 1"><span class='ocrx_word' id='word_1_401' title='bbox 0 0 1488 5017; x_wconf 95' lang='lat' dir='ltr'> </span> 
     </span>
    </p>
   </div>
  </div>
 </body>
</html>
