2967 5017
259 325 299 382 54
500 320 556 382 DE
576 320 690 383 MALE
709 319 843 382 GESTA
865 319 1111 382 LEGATIONE.

259 483 356 535 autern
375 471 529 547 talentum,
541 495 609 564 cum
628 475 712 534 multi
734 494 770 535 ea
791 473 957 534 calamitate
979 473 1140 534 conflictati
1161 482 1272 544 essem,
1298 491 1370 552 quo

185 570 188 581 '
260 586 337 626 uuus
349 566 401 634 vir,
414 587 469 625 nec
483 566 506 626 ia
519 566 678 626 admodum
692 566 831 645 locuples,
847 564 947 628 redimi
961 565 1115 646 potuisset.

302 661 352 718 32.
374 655 415 717 Ut
427 669 524 718 autem
544 658 573 717 in
588 655 799 717 Macedoniam
820 655 962 729 venimus,
977 676 1012 715 ac
1033 656 1184 736 congressi
1198 675 1317 726 sumus,
1333 666 1371 714 et

261 750 427 830 Philippum
448 769 484 808 ex
503 747 629 810 'strenia
641 769 789 809 reversum
807 748 1059 828 deprehendimus,
1079 750 1232 808 recitatum
1247 757 1296 807 est
1308 747 1370 806 de·
1463 735 1464 752 .

261 854 383 913 cretum,
403 862 514 922 exque
534 842 623 922 legati
642 843 724 902 missi
744 859 870 912 eramus,
889 850 920 900 et
939 860 1006 919 quoe
1025 840 1054 898 in
1069 839 1215 900 mandatis
1237 859 1371 918 accepe-

262 953 359 1004 ramus
383 933 421 993 de
431 934 622 1014 jurejurando
636 933 793 1012 exigendo,
808 933 1052 1004 enumeravimus.
1088 931 1165 990 Cum
1180 939 1280 990 autem
1300 949 1369 990 ma·

261 1028 405 1086 rimarum
416 1045 512 1086 rerum
523 1026 699 1085 mentionem
710 1025 828 1086 fecisset
838 1043 935 1096 nemo,
948 1024 1000 1083 sed
1011 1024 1048 1084 de
1059 1025 1146 1084 rebus
1157 1023 1370 1088 minutioribus

262 1119 394 1198 egissent
412 1137 525 1188 omnes,
539 1119 701 1177 orationem
720 1137 778 1196 ego
791 1115 891 1188 habui,
909 1135 996 1194 quam
1011 1135 1133 1176 necesse
1148 1129 1195 1176 est
1211 1115 1294 1196 apud
1312 1135 1369 1174 vos

263 1211 379 1294 erponi.
401 1208 542 1271 Obtestor
556 1219 653 1269 autem
667 1227 730 1281 vos,
746 1208 954 1280 Athenienses,
973 1207 1223 1288 quemadmodum
1244 1225 1370 1268 accusa·
1464 1237 1465 1250 ι

263 1305 370 1364 tionem
383 1301 546 1373 audivistis,
555 1312 590 1361 ut
599 1301 661 1381 ipae
671 1310 825 1360 accusator
838 1302 927 1361 verba
937 1301 1032 1363 iacere
1046 1299 1149 1372 voluit,
1162 1299 1203 1358 ita
1213 1299 1305 1358 etiam
1320 1319 1369 1358 re·

263 1395 375 1472 liquam
397 1393 575 1454 defensionis
597 1393 721 1454 audiatis
744 1393 855 1464 ordine,
876 1391 1038 1472 eademque
1058 1391 1221 1452 attentione
1245 1411 1369 1472 opernm

266 1485 335 1546 mihi
356 1485 443 1558 detis,
464 1504 523 1564 qua
541 1486 691 1564 superiora
710 1483 872 1544 audivistis.
907 1483 979 1544 Dixi
1000 1483 1088 1558 enim,
1106 1493 1141 1544 ut
1158 1483 1248 1543 modo
1270 1483 1371 1562 posui,

267 1579 474 1649 Athenienses,
487 1576 672 1636 inconvento
685 1576 862 1654 legatorum,
874 1594 925 1636 eos
935 1575 1005 1634 mihi
1019 1575 1096 1636 visos
1110 1593 1176 1634 esse
1187 1575 1371 1655 praecipuum

266 1670 366 1751 populi
384 1670 500 1750 jussum
521 1668 640 1728 omnino
661 1669 807 1747 ignorare.
849 1667 926 1724 Nam
944 1666 1153 1746 jusjurandum
1179 1666 1312 1746 exigere,
1340 1677 1374 1728 et

265 1764 373 1822 ceteris
385 1761 423 1819 de
436 1763 524 1820 rebus
538 1779 636 1840 agere,
650 1768 681 1817 et
694 1759 732 1818 de
746 1758 867 1838 captivis
881 1756 988 1836 eloqui,
1003 1758 1117 1818 etiamsi
1136 1757 1286 1838 ministrps
1301 1761 1374 1823 urbs

267 1853 405 1926 misisset,
418 1850 487 1911 data
506 1852 549 1910 eis
571 1853 755 1922 auctoritate,
774 1859 873 1910 tamen
889 1849 954 1908 illos
972 1849 1065 1910 videri
1083 1849 1154 1908 mihi
1168 1868 1229 1910 rem
1251 1869 1372 1912 omnem

268 1946 361 2006 fuisse
375 1943 580 2003 confecturos:
602 1963 725 2002 summae
736 1951 835 2000 autem
850 1961 944 2001 rerum
959 1951 1038 2002 recte
1050 1941 1373 2021 consulere,quatenus

269 2058 313 2099 ese
326 2036 365 2096 ad
378 2055 433 2096 nos
447 2045 499 2094 aut
511 2033 679 2114 Philippum
693 2034 861 2110 attinerent,
875 2033 905 2092 id
922 2052 990 2094 vero
1003 2033 1191 2092 cordatorum
1204 2035 1373 2114 legatorum

269 2147 378 2190 munus
392 2146 469 2186 esse.
493 2124 570 2184 Dico
590 2137 699 2196 autern,
715 2125 844 2205 inquam,
867 2125 904 2184 de
917 2125 1112 2206 expeditione,
1125 2145 1213 2203 quam
1230 2128 1262 2186 in
1281 2127 1372 2208 Pylas

270 2219 406 2300 apparari
417 2217 542 2287 videtis;
564 2227 653 2295 atque
666 2219 821 2278 ostendam
841 2218 924 2278 vobis
937 2237 1045 2297 magna
1058 2217 1153 2298 signa,
1171 2220 1251 2282 unde
1264 2220 1374 2282 intelli*

271 2312 360 2391 gatis,
371 2331 418 2372 me
431 2329 467 2370 ea
475 2310 513 2370 de
529 2329 561 2368 re
571 2329 630 2368 non
640 2311 716 2369 male
728 2309 906 2388 conjectare.
932 2308 1008 2368 Nam
1021 2320 1051 2369 et
1064 2311 1271 2372 ‘lhebanorum
1281 2313 1373 2392 legati

272 2404 391 2473 adsunt,
405 2412 436 2460 et
450 2400 738 2460 Lacedaemoniorum
753 2400 924 2472 adventant,
945 2410 976 2460 et
988 2421 1042 2462 nos
1056 2422 1095 2462 ex
1112 2403 1270 2482 plebiscito
1283 2404 1373 2464 ndre-

272 2495 379 2564 nimus,
388 2493 423 2550 in
437 2511 495 2569 quo
514 2492 654 2569 scripturn
675 2501 732 2564 est,
753 2491 856 2570 Legati
876 2501 974 2554 autem
988 2494 1129 2574 quicquid
1144 2505 1289 2574 praeterea
1306 2497 1372 2558 boni

272 2594 408 2667 possunt,
426 2593 547 2664 agunto.
583 2583 697 2644 Omnes
713 2605 798 2666 porro
814 2585 912 2646 Graeci
926 2587 1148 2666 exspectatione
1161 2599 1285 2650 eventus
1306 2600 1375 2648 sunt

273 2677 419 2758 suspensi.
453 2675 582 2744 Quodsi
597 2677 725 2756 populus
740 2697 772 2738 se
786 2677 893 2738 decere
905 2680 1079 2752 censuisset,
1098 2678 1189 2738 libere
1206 2679 1236 2740 in
1255 2681 1373 2742 decreto

273 2769 470 2852 promulgare,
482 2778 516 2827 ut
533 2767 687 2848 Philippus
701 2769 904 2830 Thebanorum
918 2769 1103 2831 insolentiam
1117 2783 1331 2850 compesceret,
1344 2784 1375 2834 et

275 2862 408 2924 Boeotias
421 2860 553 2920 civitates
565 2859 753 2934 instauraret,
765 2861 829 2920 haec
843 2861 929 2922 etiam
945 2862 975 2920 in
990 2860 1109 2922 decreto
1122 2863 1273 2942 petiisset:
1294 2883 1373 2926 nunc

275 2957 308 3016 id
316 2955 372 3016 sihi
382 2954 510 3032 reliquit,
517 2963 618 3012 utrem
629 2953 668 3014 ad
678 2954 820 3014 incertum
828 2963 964 3014 eventum
975 2953 1082 3016 referre
1094 2955 1196 3035 possit,
1204 2956 1229 3016 si
1240 2977 1301 3017 non
1309 2977 1373 3038 per·

277 3048 409 3120 suaserit,
427 3059 529 3105 nostro
543 3056 642 3105 autem
660 3045 790 3124 periculo
809 3064 870 3104 rem
892 3047 1100 3124 explorandam
1121 3050 1245 3110 censuit.
1281 3049 1375 3110 Decet

277 3143 366 3222 igitur
378 3158 442 3208 eos,
456 3137 506 3216 qui
520 3157 603 3196 auam
618 3136 792 3196 industriam
807 3136 977 3215 reipublice
991 3135 1153 3217 probatam
1164 3142 1296 3220 cupiunt,
1315 3160 1374 3200 non

278 3233 562 3307 eorum'legatorum
576 3247 720 3306 occupare
734 3228 842 3301 locum,
855 3247 929 3306 quos
951 3230 1176 3292 Atheniensibus
1192 3243 1293 3292 nostm
1311 3233 1376 3292 loco

278 3325 395 3384 mittere
408 3319 550 3388 licuisset,
564 3336 617 3376 nos
637 3317 718 3398 ipsos
732 3329 830 3380 autem
846 3320 936 3380 vitare
948 3320 1140 3382 offensionem
1161 3321 1374 3384 Thebanorum.

281 3417 414 3483 Quorum
427 3429 503 3468 nnus
518 3410 739 3488 Epaminondas
760 3412 926 3490 imperator,
941 3421 1003 3473 hon
1020 3413 1190 3492 perterritus
1206 3415 1376 3478 auctoritate

282 3503 516 3573 Atheniensium,
536 3501 616 3580 apud
635 3501 792 3562 Thebanos
814 3503 898 3574 dixit,
922 3503 1110 3566 Atheniensis
1132 3507 1206 3567 arcis
1229 3508 1378 3588 propylaea

282 3595 485 3661 transferenda
497 3613 562 3656 esse
575 3592 614 3659 ad
628 3591 769 3652 Cadmeae
784 3605 998 3654 ornamentum.

325 3695 374 3752 3³.
395 3690 470 3750 Haec
483 3707 530 3747 me
549 3685 677 3758 dicente,
696 3685 826 3744 maxima
841 3705 915 3746 voce
935 3687 1082 3748 exclamat
1103 3689 1326 3762 Demosthenes,
1344 3703 1378 3750 ut

284 3785 383 3846 scium
406 3799 509 3840 omnes
532 3777 674 3858 collegae:
693 3788 764 3836 tram
786 3787 891 3856 praeter
916 3787 1014 3838 cetera
1038 3781 1124 3851 moia,
1149 3781 1237 3840 etiam
1261 3780 1378 3842 Boeotiis

284 3877 374 3938 favet
407 3873 484 3932 Hsec
503 3880 583 3930 certe
597 3869 716 3949 quidem
730 3871 768 3928 ab
787 3868 844 3928 isto
858 3868 1070 3930 afferebantur:
1091 3871 1179 3932 homo
1197 3873 1253 3933 iste
1272 3881 1318 3933 est
1331 3883 1377 3934 tu·

286 3969 397 4029 multus
409 3975 441 4026 et
460 3963 591 4036 audaciae
607 3962 720 4042 plenus.
756 3961 822 4040 Ego
845 3983 914 4022 vero
934 3983 981 4023 me
1005 3965 1099 4026 fateor
1113 3985 1180 4026 esse
1200 3965 1328 4040 mollem,
1341 3977 1382 4034 ,et

286 4057 428 4140 pericula,
437 4058 526 4116 etiam
538 4054 608 4126 dum
620 4053 708 4134 longe
722 4055 839 4127 meunt,
852 4056 1067 4136 pertimescere.
1110 4057 1220 4118 Verum
1235 4059 1329 4131 edico,
1342 4080 1380 4122 ne

287 4171 342 4212 noa
354 4152 440 4210 urbes
451 4151 524 4209 inter
537 4165 570 4208 se
583 4135 817 4208 committamsisr
838 4157 925 4226 atque
940 4149 970 4207 id
983 4168 1000 4208 e
1014 4169 1045 4208 re
1065 4159 1166 4210 nostra
1179 4171 1245 4212 esse
1255 4163 1334 4232 puto,
1345 4173 1381 4214 ne

289 4244 362 4322 quid
374 4241 525 4322 noslegati
534 4250 643 4301 temere
653 4259 832 4302 meamus.
854 4240 1052 4302 Proficiscitur
1062 4241 1215 4324 Philippus
1224 4245 1262 4304 ad
1277 4245 1381 4326 Pylas?

291 4335 413 4414 Egone
423 4331 584 4394 abscondo.
604 4331 699 4392 Nemo
713 4352 760 4392 me
773 4343 890 4414 propter
903 4351 984 4394 mma
997 4333 1125 4416 Philippi
1140 4335 1168 4394 in
1174 4335 1317 4415 judicium
1330 4335 1381 4398 ad·

292 4428 391 4502 ducet,
402 4426 453 4486 sed
467 4425 568 4506 siquid
583 4424 698 4497 dixero,
709 4425 788 4504 quod
803 4443 859 4486 non
870 4433 994 4506 oportet,
1005 4436 1057 4488 aut
1070 4427 1096 4488 si
1110 4427 1180 4508 quid
1193 4445 1291 4507 egero,
1305 4431 1382 4508 quod
