2967 5017
253 340 312 406 606
523 341 739 406 ADVERSUS
761 341 1030 404 PHAENIPPUM.

248 569 262 604 s
659 559 921 622 nasonicum.
964 637 973 654 ι

289 705 318 764 6.
339 699 405 767 Quo
428 700 516 780 igitur
537 702 594 763 alio
616 714 703 782 pacto
724 724 776 786 per
796 705 868 768 deos
887 717 918 767 et
935 703 1038 784 genios
1052 699 1266 766 ostendendum
1281 713 1339 775 est,

246 793 380 866 ludices,
395 795 484 854 teneri
497 794 690 876 Phaenippum
699 797 743 856 his
758 818 823 876 quae
836 799 913 859 lecta
923 808 1000 869 sunt,
1012 816 1100 876 quarn
1113 814 1171 876 quo
1185 814 1241 874 ego
1251 805 1339 874 pacto

247 908 326 948 nunc
341 887 483 947 ostendo?
515 887 574 948 Sed
589 900 685 948 tamen
699 891 825 950 vicissim
839 903 958 970 questus
969 900 1016 951 est
1028 889 1208 968 Phaenippus
1223 905 1340 948 menon

246 991 324 1041 recte
344 979 474 1040 indicare
494 1001 554 1040 rem
575 981 859 1044 familiarem-adeo
873 983 956 1044 facile
971 983 1017 1042 isti
1032 983 1173 1061 apudvos
1193 979 1341 1038 mentiun-

246 1081 383 1145 tur-,et
393 1083 515 1132 accusat
524 1073 739 1152 jusjurandum,
754 1076 834 1154 quod
847 1086 915 1135 ante
926 1075 1151 1136 declarationem
1166 1071 1245 1143 dedi,
1258 1071 1340 1148 quod

246 1165 375 1244 exceptis
389 1165 422 1224 iis
442 1185 507 1243 quae
522 1165 551 1222 in
572 1165 678 1225 fodinis
694 1168 829 1228 haberem
844 1168 968 1247 reliquas
982 1187 1053 1246 opes
1068 1165 1262 1225 indicaturum
1274 1181 1340 1223 esse

246 1275 293 1316 me
308 1277 373 1316 sum
383 1256 540 1335 pollicitus,
554 1257 719 1335 quasivero
734 1260 772 1318 ad
785 1260 882 1338 legum
893 1260 1093 1340 praescriptum
1103 1259 1214 1339 jurare,
1227 1254 1258 1312 id
1272 1275 1341 1316 vero

246 1347 284 1407 sit
305 1347 492 1408 accusatione
510 1347 642 1425 dignum.
685 1351 746 1410 Vos
766 1363 864 1411 autem
884 1355 984 1424 nostis,
1007 1351 1237 1422 ludices,-vos
1260 1347 1340 1407 enim

245 1439 404 1514 tulistis-,
414 1441 520 1519 legem,
533 1459 599 1517 quae
613 1461 729 1520 prorsus
752 1443 793 1503 ita
810 1443 947 1522 loquitur,
961 1464 1011 1504 eos
1025 1445 1074 1523 qui
1088 1445 1161 1503 inter
1175 1462 1207 1501 se
1221 1461 1339 1520 permu-

245 1543 320 1608 tent,
334 1555 400 1596 cum
420 1536 490 1595 dato
505 1534 697 1614 jurejurando
718 1557 786 1598 suas
804 1559 874 1618 opes
895 1539 1057 1609 indicarint,
1073 1537 1160 1599 etiam
1174 1536 1231 1596 hoc
1241 1537 1341 1616 jurare

245 1627 362 1702 debere,
385 1628 536 1688 declaro
570 1646 661 1708 opes
689 1649 786 1690 meas
814 1641 922 1692 recte
948 1642 984 1692 et
1005 1631 1127 1711 juste,
1152 1629 1201 1689 iis
1233 1649 1340 1689 exce·

244 1721 326 1798 ptis
353 1740 434 1800 quos
467 1719 502 1780 in
530 1723 841 1800 argentifodinis
874 1736 978 1798 sunt,
1001 1744 1073 1803 quas
1092 1724 1175 1803 leges
1196 1721 1337 1783 immunes

245 1813 386 1874 lecerunt.
428 1813 488 1872 Sed
502 1812 597 1893 legem
610 1817 706 1894 potius
725 1817 818 1896 ipsam
838 1819 938 1878 recita.

749 2007 841 2064 LEX.

284 2173 314 2230 7.
327 2169 436 2229 Verum
450 2167 603 2248 paululum
617 2188 719 2248 quaeso
733 2169 826 2231 differ.
849 2155 913 2249 Ego
927 2181 957 2230 et
969 2171 1048 2249 prius
1062 2170 1153 2231 obtuli
1165 2169 1341 2253 Phaenippo,

243 2273 275 2324 et
287 2283 377 2335 nunc,
389 2262 523 2333 ludices,
537 2263 563 2322 ei
578 2263 658 2322 dono
671 2263 720 2336 do,
736 2273 767 2322 et
779 2265 855 2323 cedo
868 2285 935 2324 cunr
951 2263 1068 2342 reliquis
1083 2264 1177 2337 bonis,
1191 2264 1278 2323 etiam
1293 2282 1341 2323 ar-

242 2355 442 2436 gentifodinis,
456 2355 481 2415 si
495 2354 563 2413 mihi
578 2353 673 2414 solum
688 2353 810 2414 fundum
829 2356 952 2415 liberum
966 2355 1127 2427 tradiderit,
1141 2365 1176 2414 ut
1189 2357 1254 2425 tuit,
1270 2377 1340 2415 cum

242 2468 298 2526 ego
311 2449 434 2527 primum
456 2447 485 2504 in
506 2466 573 2505 eum
587 2445 653 2505 veni
667 2446 791 2506 testibus
805 2447 951 2520 adhibitis,
966 2457 1004 2516 et,
1018 2458 1158 2526 quantum
1174 2469 1211 2507 ex
1225 2447 1339 2509 cedibus

241 2538 378 2598 frumenti
392 2548 423 2598 et
437 2537 494 2596 vini
509 2538 616 2608 evexit,
631 2547 662 2598 et
677 2550 785 2598 caetera
799 2558 865 2618 quoe
878 2539 1004 2598 sublatis
1025 2540 1115 2619 signis
1125 2561 1143 2598 a
1157 2539 1267 2599 foribus
1285 2541 1341 2598 ab·

243 2629 334 2705 stulit,
348 2652 384 2692 ea
398 2631 427 2690 in
445 2631 570 2691 eundem
591 2631 689 2690 locum
706 2632 874 2692 restituerit.
917 2631 955 2690 Et
969 2631 1040 2709 quid
1058 2632 1155 2691 dicere
1169 2641 1199 2690 et
1212 2631 1339 2692 clamare

241 2723 362 2802 pergis?
390 2723 486 2784 Multa
502 2745 558 2804 ego
571 2725 651 2806 prius
666 2743 702 2782 ex
718 2723 950 2800 argentifodinis,
963 2722 1132 2803 Phaenippe,
1145 2732 1261 2803 meopte
1275 2741 1339 2781 cor·

240 2835 312 2896 pore
331 2816 466 2876 laborans
481 2828 512 2876 et
525 2817 694 2896 quaeritans,
710 2815 825 2894 collegi,
840 2816 951 2898 fateor:
973 2835 1052 2875 nunc
1073 2835 1152 2886 vero,
1165 2815 1267 2894 paucis
1287 2834 1339 2873 ex-

241 2911 343 2991 ceptis,
365 2911 463 2970 omnia
482 2909 607 2990 perdidi.
649 2911 693 2968 Tu
714 2929 793 2980 vero,
816 2929 833 2967 e
857 2909 949 2967 fundo
969 2919 1021 2968 tuo
1042 2909 1173 2968 vendens
1194 2907 1338 2967 hordeum

240 3003 402 3064 octodecim
415 3003 561 3063 drachmis
575 3012 606 3060 et
619 3004 716 3060 vinum
728 2999 885 3059 duodecim
897 3001 1054 3072 drachmis,
1067 3021 1126 3059 non
1147 2999 1187 3060 ab'
1202 3020 1232 3060 re
1255 2999 1338 3060 dives

239 3116 283 3167 es,
297 3097 322 3155 si
335 3097 472 3154 frumenti
492 3095 655 3153 medimnos
676 3093 779 3152 feceris
797 3092 920 3172 amplius
938 3093 1027 3163 mille,
1049 3093 1105 3152 vini
1125 3103 1262 3153 metretas
1276 3113 1337 3152 am-

240 3183 317 3263 plius
341 3187 535 3263 octingentas.
577 3184 720 3263 Nunquid
745 3183 832 3264 igitur
859 3185 985 3244 eundem
1009 3204 1063 3245 nos
1087 3185 1216 3245 ordinem
1237 3196 1338 3246 tenere

241 3275 335 3347 decet,
350 3296 416 3336 cum
438 3297 517 3336 nunc
539 3277 596 3336 alia
609 3277 638 3335 in
654 3278 773 3336 fortuna
794 3278 884 3337 simus
897 3296 983 3355 quam
1002 3277 1110 3337 anteal
1132 3277 1337 3356 Nequaquam,

241 3387 298 3427 non
312 3369 387 3428 enim
396 3369 509 3450 justum
527 3367 624 3428 fuerit.
668 3369 802 3429 Succede
824 3378 855 3428 et
874 3381 917 3443 tu,
938 3380 1002 3429 esto
1023 3369 1062 3429 ad
1082 3389 1204 3448 parrum
1222 3379 1337 3450 tempus

238 3459 270 3520 in
285 3460 379 3520 classe
400 3481 522 3520 munera
544 3459 725 3534 obeuntium,
738 3472 890 3541 postquam
911 3481 977 3520 cum
1001 3461 1154 3522 metallicis
1176 3462 1252 3522 male
1276 3463 1338 3544 agi·

240 3565 296 3626 tur,
318 3574 371 3615 vos
398 3565 495 3616 autem
519 3556 656 3635 agricolae
680 3556 795 3615 ditiores
821 3556 902 3628 estis,
924 3576 1011 3633 quarn
1036 3557 1200 3636 oportebat.
1256 3555 1338 3618 Satis

240 3649 318 3708 enim
341 3648 390 3707 diu
414 3648 528 3709 duobus
550 3648 731 3728 patrimoniis
754 3649 870 3720 frueris,
885 3647 977 3708 altero
996 3649 1137 3709 naturalis
1159 3648 1251 3730 patris
1267 3649 1337 3709 cal-

239 3739 320 3824 lippi,
333 3741 424 3802 altero
440 3740 569 3821 adoptivi
584 3740 756 3801 Philostrati
776 3741 918 3800 oratoris:
940 3760 1037 3819 neque
1050 3739 1095 3799 his
1110 3761 1239 3821 unquam
1252 3741 1337 3818 quic·

239 3857 328 3917 quam
348 3835 519 3916 praestitisti.
560 3833 604 3892 Ac
623 3853 705 3893 meus
720 3834 839 3912 quidem
862 3844 946 3913 pater
968 3833 1092 3912 utrique,
1106 3844 1136 3893 et
1149 3832 1219 3893 mihi
1233 3843 1265 3892 et
1277 3831 1336 3892 fra-

237 3928 284 4003 tri,
296 3927 501 4009 patrimonium
514 3925 629 4003 reliquit
642 3924 836 4004 quadraginta
849 3926 975 4004 quinque
987 3925 1139 3997 minarum,
1152 3924 1232 3983 unde
1245 3925 1335 3984 vitam

238 4031 402 4081 sustentare
416 4015 506 4080 'haud
531 4017 618 4077 facile
643 4029 708 4077 est:
740 4019 783 4077 tui
802 4038 871 4078 vero
888 4027 985 4098 patres
1004 4028 1116 4076 tantam
1135 4016 1263 4076 habuere
1285 4037 1337 4096 pe·

238 4113 366 4184 cuniam,
390 4123 424 4174 ut
450 4124 571 4193 uterque
586 4110 742 4191 *tripodem
774 4110 925 4182 dedicarit,
944 4110 974 4168 in
994 4108 1222 4170 Bacchanalium
1242 4108 1336 4168 redili-

238 4213 298 4263 tate
311 4205 411 4266 victor.
453 4207 557 4287 Neque
574 4223 643 4264 vero
657 4202 793 4262 invideo:
815 4200 925 4262 debent
945 4202 1021 4262 enim
1045 4223 1063 4262 a
1085 4201 1222 4260 divitibus
1238 4201 1337 4283 jurari

239 4297 328 4358 eires.
376 4299 419 4356 Tu
439 4311 536 4360 autem
555 4310 585 4358 te
610 4296 733 4358 ostende
758 4295 805 4355 vel
824 4315 916 4355 unum
937 4294 1098 4355 teruncium
1118 4294 1148 4352 in
1176 4292 1335 4372 rempubli-

238 4409 302 4450 cam
327 4389 494 4462 contulisse,
510 4391 560 4470 qui
581 4389 642 4449 duo
660 4386 798 4448 munifica
819 4386 993 4466 patrimonia
1013 4385 1180 4465 suscepisti:
1202 4383 1255 4444 sed
1275 4403 1335 4444 non

237 4482 384 4544 ostendes.
427 4482 582 4544 Occultare
599 4481 675 4542 enirn
698 4491 727 4540 et
749 4479 932 4559 tergiversari
945 4489 977 4539 et
988 4477 1061 4538 nihil
1085 4497 1143 4539 nou
1162 4476 1270 4550 lacere,
1296 4497 1334 4536 ne
