2967 5017
222 297 283 358 646
585 296 631 358 m
653 296 909 359 STEPHANUM
930 297 956 364 1.

223 455 289 526 eos,
297 451 348 532 qui
365 450 524 514 a¹Berbarn
537 449 716 525 Graecum
733 451 878 534 mancipio
896 453 1023 516 nobilem
1041 455 1184 529 lecerunt,
1194 457 1247 536 qni
1263 457 1311 518 to't

222 541 409 606 felicitatibus
423 553 572 614 amarunt,
587 541 630 605 ab'
642 563 679 606 eo
697 544 808 624 negligi
829 555 959 605 extrema
980 545 1078 626 inopia
1097 546 1310 624 conflictantes,

221 655 290 697 curn
302 653 362 696 rem
375 635 482 696 habeat
493 644 524 696 et
535 635 669 698 divitias:
683 646 715 698 at
727 657 763 698 aa
775 656 839 697 esse
851 637 1041 718 impudentia,
1054 648 1098 712 nt,
1113 659 1201 720 quam
1214 641 1309 703 tortu·

221 747 290 790 nam
303 747 322 789 a
334 726 416 787 nobis
428 729 550 808 accepit,
564 728 601 788 de
614 749 650 790 ea
660 729 800 810 impertiri
809 730 891 791 nobis
904 749 964 792 non
976 731 1095 792 audeat.
1127 732 1169 791 At
1179 751 1240 792 non
1254 733 1309 792 du·

221 819 325 882 bitavit
337 820 443 882 ducere
459 820 616 896 dominam,
629 831 660 882 et
677 842 744 883 eam
761 821 870 882 habere
889 823 921 882 in
941 823 1134 896 matrimonio,
1154 843 1223 903 quaa
1239 845 1309 886 eum

152 947 156 963 ι
222 931 324 974 recens
335 911 507 994 mancipium
530 923 591 973 tum
610 933 676 974 cum
696 925 811 994 emptus
830 914 886 975 fuit
905 915 1044 976 initiarat:
1067 936 1124 977 nec
1141 917 1240 977 dotem
1253 917 1309 978 sibi

222 1003 354 1086 quinque
365 1004 476 1066 talenta
488 1005 624 1080 scribere,
636 1015 768 1088 excepta,
781 1026 870 1087 quam
883 1017 976 1068 mater
987 1007 1099 1082 habuit,
1111 1027 1227 1089 quaque
1245 1008 1310 1088 ipse

221 1096 331 1178 potitus
344 1106 400 1171 est,
411 1115 517 1178 magna
537 1098 670 1178 pecunia.
711 1098 791 1166 Quid
810 1099 888 1160 enim
906 1118 975 1160 eum
986 1100 1095 1180 putatis
1107 1101 1139 1160 in
1150 1110 1309 1162 testamen·

221 1189 533 1270 tnminscripeisse‚et
552 1201 799 1270 caeteraque
818 1190 1308 1274 habetArehippoelegol

220 1291 334 1342 nostras
347 1291 446 1344 nutem
464 1281 548 1356 lilius,
562 1303 629 1362 quoe
643 1283 722 1344 domi
734 1293 851 1364 propter
863 1293 1024 1364 egmtatem
1037 1285 1155 1347 coelibes
1167 1306 1308 1348 consene-

221 1383 312 1448 scent,
325 1375 457 1456 negligit.
498 1374 586 1444 Quod
605 1374 630 1434 si
646 1375 702 1436 iste
715 1395 828 1456 pauper
840 1388 928 1450 esset,
941 1396 996 1439 nos
1009 1396 1078 1439 vero
1090 1378 1264 1460 locupletes,
1276 1389 1313 1442 et

220 1466 301 1538 mibi,
315 1472 349 1527 ut
360 1466 453 1526 multa
471 1465 580 1526 bomini
597 1477 730 1548 possunt,
744 1467 852 1547 aliquid
871 1469 1037 1543 accidisset,
1049 1470 1133 1530 istius
1154 1471 1207 1532 filii
1227 1491 1308 1532 meas

219 1557 295 1620 filias
304 1557 359 1618 sibi
371 1557 434 1620 dari
447 1558 638 1638 postularent,
649 1578 731 1620 servo
741 1561 803 1622 nati
813 1558 934 1622 beriles:
948 1561 1084 1622 auunculi
1096 1561 1174 1622 enirn
1186 1562 1229 1624 eis
1238 1573 1308 1624 sunt

217 1659 371 1732 propterea
393 1651 471 1731 quod
494 1663 614 1713 matrem
637 1653 691 1714 iste
714 1659 811 1715 meam
830 1652 924 1714 duxit
955 1653 1114 1734 Postquam
1135 1663 1234 1717 autem
1252 1673 1307 1714 nos

219 1743 321 1825 inopes
342 1764 454 1822 sumus,
474 1765 533 1806 non
556 1745 706 1826 adjuvabit
725 1767 777 1808 eas
799 1755 835 1807 ut
856 1746 1023 1809 elocuntur:
1050 1746 1104 1808 sed
1127 1756 1258 1808 recenset
1279 1754 1311 1808 et

218 1845 378 1916 computat,
390 1847 529 1916 quantum
543 1857 599 1918 ego
612 1839 745 1918 pecunia
757 1837 890 1899 habeam.
919 1838 1007 1911 Nam,
1019 1838 1100 1918 quod
1112 1839 1243 1900 omnium
1254 1838 1309 1898 ini·

218 1927 389 2008 quissimum
403 1940 456 2000 est,
470 1931 534 2010 ejus
547 1948 606 2008 qua
619 1949 673 1989 nos
686 1929 831 1990 fraudavit
842 1931 985 2009 pecnnia,
999 1929 1109 1990 nullam
1122 1931 1154 1990 in
1166 1930 1245 1990 hunc
1258 1951 1308 1990 us·

219 2038 277 2099 que
290 2020 365 2081 diem
383 2021 524 2080 rationem
540 2021 662 2081 reddam
673 2018 775 2094 voluit,
787 2020 842 2081 sed
859 2021 1046 2100 exceptiones
1060 2023 1182 2104 opponit
1195 2022 1233 2083 de
1247 2041 1310 2084 non

219 2111 319 2172 danda
331 2111 415 2172 nobie
429 2111 556 2172 actione:
577 2130 644 2190 quar
657 2121 755 2172 antem
768 2130 785 2172 a
798 2111 962 2192 patrimonii
981 2113 1135 2192 partitione
1147 2115 1258 2194 accepi,
1272 2134 1311 2176 en

218 2212 378 2283 computat.
404 2204 448 2264 Ac
459 2203 493 2263 in'
502 2213 626 2264 caeteros
640 2202 758 2282 quidem
771 2223 871 2263 servos
885 2203 1038 2265 adominis
1053 2205 1157 2283 inquiri
1168 2204 1309 2267 rideatis:

218 2293 275 2354 iste
287 2305 389 2356 contra
406 2295 436 2356 in
457 2295 605 2356 dominum
620 2311 722 2354 servus
741 2293 869 2372 inquirit,
882 2313 918 2354 ea
930 2313 961 2353 re
974 2293 1086 2354 scilicet
1100 2296 1263 2375 improbum
1276 2309 1310 2358 et

216 2387 372 2468 prodigum
385 2409 449 2450 esse
463 2409 510 2450 me
528 2398 712 2450 ostensurus.

260 2481 310 2538 21.
325 2477 392 2559 Ego
404 2500 481 2552 vero,
492 2479 698 2554 Athenienses,
703 2474 788 2560 'quod
797 2480 837 2542 ad
846 2475 931 2542 faciei
937 2482 1080 2556 habitum,
1089 2492 1120 2542 et
1127 2481 1307 2544 celeritatem

219 2572 361 2648 incesms,
373 2583 404 2634 et
416 2573 644 2654 magnitudinem
658 2575 739 2636 vocis
753 2574 866 2650 attinet,
878 2593 938 2635 non
957 2575 988 2634 in
1003 2574 1038 2635 iis
1057 2594 1105 2636 me
1121 2595 1243 2638 numero
1257 2576 1307 2656 qui

219 2676 351 2729 naturam
364 2668 516 2748 propitiam
528 2667 708 2728 babuerunt:
722 2668 827 2748 quibus
839 2666 918 2726 enim
931 2669 1018 2726 rebus
1031 2667 1093 2727 sinc
1105 2686 1172 2728 mea
1183 2667 1309 2728 utilitate

219 2761 394 2841 quibusdam
407 2781 473 2822 sum
486 2763 638 2838 molestus,
651 2782 696 2822 ere
714 2761 784 2821 mibi
802 2779 1001 2841 sepenumero
1013 2760 1243 2832 incommodant,
1254 2761 1308 2821 sed

219 2855 297 2936 quod
322 2855 360 2918 ad
383 2875 433 2918 eos
452 2865 584 2936 sumptus
604 2875 706 2916 omnes
728 2855 833 2916 attinet
848 2854 899 2932 qui
924 2853 963 2914 ad
986 2852 1129 2934 meipsum
1151 2855 1307 2935 pertinent,

218 2949 312 3010 multo
324 2948 466 3030 frugalius
480 2948 548 3021 isto,
562 2957 593 3008 et
605 2948 668 3008 aliis
681 2946 811 3026 ejusdem
826 2943 950 3024 generis,
962 2945 1057 3004 virere
1070 2963 1116 3004 me
1129 2945 1285 3006 constabit.

258 3045 308 3102 22.
323 3035 397 3111 Qun
409 3061 479 3102 vero
492 3041 522 3101 in
535 3039 675 3118 rempubl.
690 3036 763 3098 etin
772 3054 826 3096 vos
834 3037 1013 3098 conferenda
1021 3046 1099 3106 sunt,
1108 3056 1196 3116 quam
1207 3037 1306 3118 splen·

218 3131 367 3194 didisaime
386 3141 561 3214 persumet
576 3131 618 3189 ita
637 3139 671 3187 ut
693 3147 746 3188 voa
765 3128 874 3188 comcii
895 3129 978 3203 estis,
996 3127 1178 3191 administro.
1199 3129 1305 3209 Neque

216 3225 363 3286 enim-hoc
376 3225 489 3304 ignoro,
502 3221 584 3282 uobis
598 3222 648 3300 qui
661 3221 740 3282 cives
754 3221 814 3282 natr'
829 3221 982 3283 satissatis
996 3239 1064 3309 esse
1075 3221 1156 3283 obire
1174 3216 1306 3295 munera,

215 3327 250 3376 ut
262 3316 344 3396 leges
356 3317 475 3397 jubent:
490 3310 575 3377 nobis
585 3313 816 3376 autem-adscitis
829 3323 860 3375 et
871 3313 953 3374 velut
964 3313 1109 3394 adoptatis
1117 3315 1160 3374 sic
1170 3315 1306 3375 obeunda

216 3425 337 3468 munera
349 3418 428 3480 sunt,
443 3418 477 3468 ut
488 3407 570 3469 vobis
583 3408 690 3468 rct’erre
704 3404 827 3486 gratiam
839 3403 999 3466 videamur.
1040 3403 1088 3465 Ne
1102 3405 1191 3484 igitur
1203 3425 1241 3465 ea
1254 3424 1306 3466 ex·

216 3502 331 3581 probra,
344 3511 462 3582 propter
478 3521 544 3580 qum
561 3501 677 3562 landem
697 3518 822 3559 mereor:
843 3499 896 3558 sed
915 3517 1082 3576 quemnam,
1096 3497 1244 3571 Phormio,
1263 3498 1306 3558 ci·

214 3594 306 3668 vium,
318 3603 351 3654 ut
363 3602 406 3665 tu,
419 3591 546 3653 conduxi
560 3593 598 3653 ad
609 3591 779 3652 libidinem?
804 3590 969 3672 ostendito.
994 3591 1089 3659 Quem
1103 3587 1306 3669 civitate,quaa

216 3685 269 3747 trbi
277 3684 451 3746 liberalitate
463 3684 563 3765 populi
576 3684 708 3764 contigit,
721 3693 753 3744 et
764 3682 898 3743 libertate
907 3682 985 3742 civili
993 3679 1125 3762 spoliari,
1137 3690 1170 3741 ut
1182 3692 1216 3740 tu
1226 3701 1306 3756 eum,

89 3845 91 3848 .
214 3797 303 3859 quem
316 3775 568 3860 probroaffccistii
590 3777 683 3857 Cujus
693 3777 814 3835 uxorem
823 3794 880 3855 ego
889 3773 1013 3854 corrupi,
1022 3781 1057 3832 ut
1065 3782 1109 3844 tu,
1117 3779 1222 3851 praeter
1231 3772 1306 3840 elias

159 3928 162 3934 .
214 3872 335 3953 multas,
348 3891 413 3933 eam
432 3871 531 3945 etiam,
544 3869 591 3930 cui
611 3876 831 3929 monumentum
851 3865 983 3928 istediis
1006 3865 1127 3937 invisus,
1139 3883 1231 3944 prope
1250 3863 1305 3924 do-

214 3965 301 4025 minas
314 3963 468 4038 tumulum,
481 3961 636 4036 exstruxit,
648 3959 772 4041 amplius
785 3960 901 4019 duobus
913 3956 1033 4018 talentis
1045 3955 1223 4036 insumptis?
1251 3975 1304 4015 ne-

215 4075 273 4135 que
286 4056 497 4128 animadvertit,
511 4053 665 4115 editicium
677 4051 751 4112 illud
761 4062 822 4112 tam
830 4049 1027 4129 magnificum,
1038 4069 1096 4109 non
1105 4047 1240 4128 sepulcri,
1250 4047 1306 4109 aed

215 4149 337 4229 injurius,
346 4168 404 4226 qua
413 4151 463 4210 illa
471 4159 589 4230 propter
600 4147 689 4207 istum
702 4144 838 4204 maritum
849 4141 997 4215 affecerat,
1007 4141 1069 4202 sore
1081 4142 1302 4203 monimentum.

213 4229 325 4302 Tamen
335 4233 399 4300 istis
411 4240 597 4318 facinoribus,
607 4249 638 4298 et
650 4237 757 4298 talibus
768 4235 938 4320 petulantiae
946 4245 1006 4295 tum
1018 4233 1192 4294 testimoniis
1205 4243 1305 4294 osten·

213 4325 293 4408 tatis,
306 4331 425 4393 alteriue
436 4335 525 4394 vitam
538 4331 686 4414 exagitare
699 4328 809 4390 andes?
839 4327 970 4390 Interdiu
982 4337 1015 4389 tn
1031 4327 1180 4390 modeabss
1192 4333 1304 4400 es,·no-

213 4435 264 4487 ctu
278 4431 375 4488 autern
387 4424 582 4505 eadeaignas,
595 4441 661 4502 quaa
674 4421 812 4504 capitalia
823 4431 902 4484 sunt
