<?xml version="1.0" encoding="UTF-8"?>
<!DOCTYPE html PUBLIC "-//W3C//DTD XHTML 1.0 Transitional//EN"
    "http://www.w3.org/TR/xhtml1/DTD/xhtml1-transitional.dtd">
<html xmlns="http://www.w3.org/1999/xhtml" xml:lang="en" lang="en">
 <head>
  <title>
</title>
<meta http-equiv="Content-Type" content="text/html;charset=utf-8" />
  <meta name='ocr-system' content='tesseract 3.04.00' />
  <meta name='ocr-capabilities' content='ocr_page ocr_carea ocr_par ocr_line ocrx_word'/>
</head>
<body>
  <div class='ocr_page' id='page_1' title='image "./oratoresatticie00dupogoog_0423.png"; bbox 0 0 2967 5017; ppageno 0'>
   <div class='ocr_carea' id='block_1_1' title="bbox 357 334 1314 422">
    <p class='ocr_par' dir='ltr' id='par_1_1' title="bbox 357 334 1314 422">
     <span class='ocr_line' id='line_1_1' title="bbox 357 334 1314 422; baseline -0.004 -14"><span class='ocrx_word' id='word_1_1' title='bbox 357 347 414 408; x_wconf 81' lang='lat' dir='ltr'>nn</span> <span class='ocrx_word' id='word_1_2' title='bbox 436 347 550 410; x_wconf 78' lang='lat' dir='ltr'>unus</span> <span class='ocrx_word' id='word_1_3' title='bbox 569 343 708 408; x_wconf 79' lang='lat' dir='ltr'>unsre</span> <span class='ocrx_word' id='word_1_4' title='bbox 725 334 979 422; x_wconf 77' lang='lat' dir='ltr'>tnotrroun</span> <span class='ocrx_word' id='word_1_5' title='bbox 1174 337 1213 404; x_wconf 75' lang='lat' dir='ltr'>ct</span> <span class='ocrx_word' id='word_1_6' title='bbox 1307 371 1314 382; x_wconf 79' lang='lat'><em>·</em></span> 
     </span>
    </p>
   </div>
   <div class='ocr_carea' id='block_1_2' title="bbox 102 488 1216 1045">
    <p class='ocr_par' dir='ltr' id='par_1_2' title="bbox 102 488 1216 1045">
     <span class='ocr_line' id='line_1_2' title="bbox 117 488 1213 582; baseline -0.009 -20"><span class='ocrx_word' id='word_1_7' title='bbox 117 499 174 562; x_wconf 76' lang='lat' dir='ltr'>flue</span> <span class='ocrx_word' id='word_1_8' title='bbox 184 499 327 582; x_wconf 84' lang='lat' dir='ltr'>populum</span> <span class='ocrx_word' id='word_1_9' title='bbox 338 502 460 564; x_wconf 71' lang='lat' dir='ltr'>extulit</span> <span class='ocrx_word' id='word_1_10' title='bbox 479 503 557 564; x_wconf 82' lang='lat' dir='ltr'>Nam</span> <span class='ocrx_word' id='word_1_11' title='bbox 570 501 651 564; x_wconf 86' lang='lat' dir='ltr'>mille</span> <span class='ocrx_word' id='word_1_12' title='bbox 663 501 776 562; x_wconf 84' lang='lat' dir='ltr'>talenta</span> <span class='ocrx_word' id='word_1_13' title='bbox 784 500 914 580; x_wconf 73' lang='lat' dir='ltr'>signata</span> <span class='ocrx_word' id='word_1_14' title='bbox 927 495 1060 580; x_wconf 84' lang='lat' dir='ltr'>pecunias</span> <span class='ocrx_word' id='word_1_15' title='bbox 1071 496 1103 556; x_wconf 91' lang='lat' dir='ltr'>in</span> <span class='ocrx_word' id='word_1_16' title='bbox 1116 488 1213 555; x_wconf 84' lang='lat' dir='ltr'>arcem</span> 
     </span>
     <span class='ocr_line' id='line_1_3' title="bbox 118 579 1213 670; baseline -0.005 -20"><span class='ocrx_word' id='word_1_17' title='bbox 118 591 281 670; x_wconf 88' lang='lat' dir='ltr'>retulimus,</span> <span class='ocrx_word' id='word_1_18' title='bbox 298 603 330 654; x_wconf 87' lang='lat' dir='ltr'>et</span> <span class='ocrx_word' id='word_1_19' title='bbox 342 603 463 655; x_wconf 88' lang='lat' dir='ltr'>centum</span> <span class='ocrx_word' id='word_1_20' title='bbox 475 593 548 654; x_wconf 86' lang='lat' dir='ltr'>alias</span> <span class='ocrx_word' id='word_1_21' title='bbox 561 595 692 657; x_wconf 85' lang='lat' dir='ltr'>triremes</span> <span class='ocrx_word' id='word_1_22' title='bbox 704 592 841 652; x_wconf 85' lang='lat' dir='ltr'>fabricati</span> <span class='ocrx_word' id='word_1_23' title='bbox 854 608 966 664; x_wconf 87' lang='lat' dir='ltr'>snmus,</span> <span class='ocrx_word' id='word_1_24' title='bbox 980 599 1012 650; x_wconf 88' lang='lat' dir='ltr'>et</span> <span class='ocrx_word' id='word_1_25' title='bbox 1031 585 1147 648; x_wconf 79' lang='lat' dir='ltr'>navalia</span> <span class='ocrx_word' id='word_1_26' title='bbox 1159 579 1213 646; x_wconf 79' lang='lat' dir='ltr'>ax·</span> 
     </span>
     <span class='ocr_line' id='line_1_4' title="bbox 115 677 1214 764; baseline -0.007 -20"><span class='ocrx_word' id='word_1_27' title='bbox 115 686 286 758; x_wconf 74' lang='lat' dir='ltr'>struximus,</span> <span class='ocrx_word' id='word_1_28' title='bbox 294 695 327 746; x_wconf 90' lang='lat' dir='ltr'>et</span> <span class='ocrx_word' id='word_1_29' title='bbox 337 686 453 764; x_wconf 84' lang='lat' dir='ltr'>equites</span> <span class='ocrx_word' id='word_1_30' title='bbox 463 686 545 746; x_wconf 88' lang='lat' dir='ltr'>mille</span> <span class='ocrx_word' id='word_1_31' title='bbox 555 685 698 748; x_wconf 90' lang='lat' dir='ltr'>ducentos</span> <span class='ocrx_word' id='word_1_32' title='bbox 710 684 954 764; x_wconf 81' lang='lat' dir='ltr'>comparavimus,</span> <span class='ocrx_word' id='word_1_33' title='bbox 963 691 993 742; x_wconf 87' lang='lat' dir='ltr'>at</span> <span class='ocrx_word' id='word_1_34' title='bbox 1004 681 1079 742; x_wconf 92' lang='lat' dir='ltr'>allos</span> <span class='ocrx_word' id='word_1_35' title='bbox 1092 677 1214 739; x_wconf 87' lang='lat' dir='ltr'>totidem</span> 
     </span>
     <span class='ocr_line' id='line_1_5' title="bbox 118 771 1214 863; baseline -0.009 -24"><span class='ocrx_word' id='word_1_36' title='bbox 118 775 305 856; x_wconf 63' lang='lat' dir='ltr'>ugimrmsr</span> <span class='ocrx_word' id='word_1_37' title='bbox 325 789 425 838; x_wconf 84' lang='lat' dir='ltr'>erecta</span> <span class='ocrx_word' id='word_1_38' title='bbox 449 779 518 838; x_wconf 87' lang='lat' dir='ltr'>item</span> <span class='ocrx_word' id='word_1_39' title='bbox 546 787 616 863; x_wconf 79' lang='lat' dir='ltr'>sunt</span> <span class='ocrx_word' id='word_1_40' title='bbox 637 776 769 838; x_wconf 88' lang='lat' dir='ltr'>austrina</span> <span class='ocrx_word' id='word_1_41' title='bbox 794 776 913 848; x_wconf 86' lang='lat' dir='ltr'>moeuia,</span> <span class='ocrx_word' id='word_1_42' title='bbox 940 791 1033 853; x_wconf 88' lang='lat' dir='ltr'>neque</span> <span class='ocrx_word' id='word_1_43' title='bbox 1059 771 1214 852; x_wconf 84' lang='lat' dir='ltr'>quisquam</span> 
     </span>
     <span class='ocr_line' id='line_1_6' title="bbox 116 867 1216 948; baseline -0.006 -21"><span class='ocrx_word' id='word_1_44' title='bbox 116 873 228 929; x_wconf 78' lang='lat' dir='ltr'>statum</span> <span class='ocrx_word' id='word_1_45' title='bbox 246 869 416 948; x_wconf 76' lang='lat' dir='ltr'><strong>popularem</strong></span> <span class='ocrx_word' id='word_1_46' title='bbox 430 879 561 930; x_wconf 78' lang='lat' dir='ltr'>euertere</span> <span class='ocrx_word' id='word_1_47' title='bbox 578 879 626 930; x_wconf 91' lang='lat' dir='ltr'>est</span> <span class='ocrx_word' id='word_1_48' title='bbox 639 880 806 948; x_wconf 72' lang='lat' dir='ltr'>aggressus.</span> <span class='ocrx_word' id='word_1_49' title='bbox 837 867 951 927; x_wconf 85' lang='lat' dir='ltr'>Rursus</span> <span class='ocrx_word' id='word_1_50' title='bbox 964 885 1031 926; x_wconf 89' lang='lat' dir='ltr'>cum</span> <span class='ocrx_word' id='word_1_51' title='bbox 1045 879 1216 944; x_wconf 86' lang='lat' dir='ltr'>persuasum</span> 
     </span>
     <span class='ocr_line' id='line_1_7' title="bbox 102 955 1216 1045; baseline -0.005 -27"><span class='ocrx_word' id='word_1_52' title='bbox 102 959 204 1045; x_wconf 19' lang='lat' dir='ltr'>*nobis</span> <span class='ocrx_word' id='word_1_53' title='bbox 224 968 314 1028; x_wconf 86' lang='lat' dir='ltr'>esset,</span> <span class='ocrx_word' id='word_1_54' title='bbox 338 971 373 1020; x_wconf 89' lang='lat' dir='ltr'>ut</span> <span class='ocrx_word' id='word_1_55' title='bbox 392 960 502 1020; x_wconf 89' lang='lat' dir='ltr'>bellurn</span> <span class='ocrx_word' id='word_1_56' title='bbox 523 961 663 1021; x_wconf 80' lang='lat' dir='ltr'>adversm</span> <span class='ocrx_word' id='word_1_57' title='bbox 683 959 877 1039; x_wconf 71' lang='lat' dir='ltr'>Megarenses</span> <span class='ocrx_word' id='word_1_58' title='bbox 901 955 1129 1035; x_wconf 75' lang='lat' dir='ltr'>susciperemus,</span> <span class='ocrx_word' id='word_1_59' title='bbox 1153 963 1216 1012; x_wconf 91' lang='lat' dir='ltr'>tum</span> 
     </span>
    </p>
   </div>
   <div class='ocr_carea' id='block_1_3' title="bbox 116 1045 1218 1590">
    <p class='ocr_par' dir='ltr' id='par_1_3' title="bbox 116 1045 1218 1590">
     <span class='ocr_line' id='line_1_8' title="bbox 119 1045 1216 1131; baseline -0.005 -21"><span class='ocrx_word' id='word_1_60' title='bbox 119 1060 334 1127; x_wconf 59' lang='lat' dir='ltr'>mosnostros</span> <span class='ocrx_word' id='word_1_61' title='bbox 348 1050 456 1112; x_wconf 82' lang='lat' dir='ltr'>vastari</span> <span class='ocrx_word' id='word_1_62' title='bbox 465 1052 546 1131; x_wconf 87' lang='lat' dir='ltr'>passi</span> <span class='ocrx_word' id='word_1_63' title='bbox 560 1069 671 1120; x_wconf 88' lang='lat' dir='ltr'>sumus,</span> <span class='ocrx_word' id='word_1_64' title='bbox 685 1059 749 1108; x_wconf 86' lang='lat' dir='ltr'>turn</span> <span class='ocrx_word' id='word_1_65' title='bbox 761 1050 862 1110; x_wconf 87' lang='lat' dir='ltr'>multis</span> <span class='ocrx_word' id='word_1_66' title='bbox 876 1049 962 1111; x_wconf 90' lang='lat' dir='ltr'>bonis</span> <span class='ocrx_word' id='word_1_67' title='bbox 974 1045 1099 1120; x_wconf 87' lang='lat' dir='ltr'>amissis,</span> <span class='ocrx_word' id='word_1_68' title='bbox 1113 1063 1216 1125; x_wconf 83' lang='lat' dir='ltr'>pacem</span> 
     </span>
     <span class='ocr_line' id='line_1_9' title="bbox 117 1136 1216 1222; baseline -0.005 -22"><span class='ocrx_word' id='word_1_69' title='bbox 117 1140 287 1219; x_wconf 84' lang='lat' dir='ltr'>petivimus,-</span> <span class='ocrx_word' id='word_1_70' title='bbox 303 1151 392 1222; x_wconf 89' lang='lat' dir='ltr'>atque</span> <span class='ocrx_word' id='word_1_71' title='bbox 405 1143 531 1208; x_wconf 76' lang='lat' dir='ltr'>fecimus</span> <span class='ocrx_word' id='word_1_72' title='bbox 549 1161 600 1220; x_wconf 89' lang='lat' dir='ltr'>per</span> <span class='ocrx_word' id='word_1_73' title='bbox 618 1141 733 1202; x_wconf 87' lang='lat' dir='ltr'>Niciam</span> <span class='ocrx_word' id='word_1_74' title='bbox 754 1141 885 1201; x_wconf 88' lang='lat' dir='ltr'>Nicerati</span> <span class='ocrx_word' id='word_1_75' title='bbox 904 1140 1007 1200; x_wconf 84' lang='lat' dir='ltr'>filium.</span> <span class='ocrx_word' id='word_1_76' title='bbox 1041 1136 1091 1197; x_wconf 84' lang='lat' dir='ltr'>Sic</span> <span class='ocrx_word' id='word_1_77' title='bbox 1112 1138 1216 1196; x_wconf 83' lang='lat' dir='ltr'>iterum</span> 
     </span>
     <span class='ocr_line' id='line_1_10' title="bbox 118 1227 1217 1314; baseline -0.005 -20"><span class='ocrx_word' id='word_1_78' title='bbox 118 1231 178 1294; x_wconf 85' lang='lat' dir='ltr'>hoc</span> <span class='ocrx_word' id='word_1_79' title='bbox 199 1244 331 1313; x_wconf 87' lang='lat' dir='ltr'>tempore</span> <span class='ocrx_word' id='word_1_80' title='bbox 343 1244 456 1314; x_wconf 79' lang='lat' dir='ltr'>septem</span> <span class='ocrx_word' id='word_1_81' title='bbox 469 1234 561 1293; x_wconf 89' lang='lat' dir='ltr'>millia</span> <span class='ocrx_word' id='word_1_82' title='bbox 578 1233 723 1292; x_wconf 86' lang='lat' dir='ltr'>talentum</span> <span class='ocrx_word' id='word_1_83' title='bbox 747 1233 785 1292; x_wconf 90' lang='lat' dir='ltr'>ob</span> <span class='ocrx_word' id='word_1_84' title='bbox 805 1233 885 1312; x_wconf 84' lang='lat' dir='ltr'>pacis</span> <span class='ocrx_word' id='word_1_85' title='bbox 906 1231 990 1291; x_wconf 88' lang='lat' dir='ltr'>istius</span> <span class='ocrx_word' id='word_1_86' title='bbox 1010 1229 1168 1290; x_wconf 86' lang='lat' dir='ltr'>commoda</span> <span class='ocrx_word' id='word_1_87' title='bbox 1185 1227 1217 1288; x_wconf 90' lang='lat' dir='ltr'>in</span> 
     </span>
     <span class='ocr_line' id='line_1_11' title="bbox 118 1319 1218 1404; baseline -0.004 -20"><span class='ocrx_word' id='word_1_88' title='bbox 118 1343 218 1385; x_wconf 90' lang='lat' dir='ltr'>arcem</span> <span class='ocrx_word' id='word_1_89' title='bbox 224 1325 387 1396; x_wconf 86' lang='lat' dir='ltr'>retulimus,</span> <span class='ocrx_word' id='word_1_90' title='bbox 397 1333 428 1384; x_wconf 92' lang='lat' dir='ltr'>et</span> <span class='ocrx_word' id='word_1_91' title='bbox 441 1325 573 1383; x_wconf 85' lang='lat' dir='ltr'>triremes</span> <span class='ocrx_word' id='word_1_92' title='bbox 583 1324 738 1404; x_wconf 84' lang='lat' dir='ltr'>expeditas</span> <span class='ocrx_word' id='word_1_93' title='bbox 748 1335 838 1404; x_wconf 88' lang='lat' dir='ltr'>atque</span> <span class='ocrx_word' id='word_1_94' title='bbox 850 1323 981 1401; x_wconf 82' lang='lat' dir='ltr'>integras</span> <span class='ocrx_word' id='word_1_95' title='bbox 994 1319 1053 1381; x_wconf 88' lang='lat' dir='ltr'>non</span> <span class='ocrx_word' id='word_1_96' title='bbox 1066 1321 1218 1400; x_wconf 77' lang='lat' dir='ltr'>pauciores</span> 
     </span>
     <span class='ocr_line' id='line_1_12' title="bbox 117 1413 1217 1496; baseline -0.005 -18"><span class='ocrx_word' id='word_1_97' title='bbox 117 1417 259 1478; x_wconf 78' lang='lat' dir='ltr'>trecentis</span> <span class='ocrx_word' id='word_1_98' title='bbox 281 1418 526 1496; x_wconf 75' lang='lat' dir='ltr'>comparavimus,</span> <span class='ocrx_word' id='word_1_99' title='bbox 547 1417 617 1476; x_wconf 87' lang='lat' dir='ltr'>item</span> <span class='ocrx_word' id='word_1_100' title='bbox 630 1418 730 1478; x_wconf 86' lang='lat' dir='ltr'>tributi</span> <span class='ocrx_word' id='word_1_101' title='bbox 751 1417 869 1478; x_wconf 89' lang='lat' dir='ltr'>nomine</span> <span class='ocrx_word' id='word_1_102' title='bbox 883 1414 1041 1495; x_wconf 80' lang='lat' dir='ltr'>quotannis</span> <span class='ocrx_word' id='word_1_103' title='bbox 1059 1413 1138 1472; x_wconf 91' lang='lat' dir='ltr'>mille</span> <span class='ocrx_word' id='word_1_104' title='bbox 1161 1413 1217 1472; x_wconf 92' lang='lat' dir='ltr'>du·</span> 
     </span>
     <span class='ocr_line' id='line_1_13' title="bbox 116 1503 1215 1590; baseline -0.008 -21"><span class='ocrx_word' id='word_1_105' title='bbox 116 1518 206 1569; x_wconf 90' lang='lat' dir='ltr'>centa</span> <span class='ocrx_word' id='word_1_106' title='bbox 214 1509 327 1570; x_wconf 88' lang='lat' dir='ltr'>talenta</span> <span class='ocrx_word' id='word_1_107' title='bbox 332 1509 418 1569; x_wconf 91' lang='lat' dir='ltr'>nobis</span> <span class='ocrx_word' id='word_1_108' title='bbox 426 1509 508 1569; x_wconf 89' lang='lat' dir='ltr'>luere</span> <span class='ocrx_word' id='word_1_109' title='bbox 517 1510 677 1590; x_wconf 70' lang='lat' dir='ltr'>pensitatas</span> <span class='ocrx_word' id='word_1_110' title='bbox 689 1511 838 1570; x_wconf 87' lang='lat' dir='ltr'>tenuimus</span> <span class='ocrx_word' id='word_1_111' title='bbox 847 1509 1074 1578; x_wconf 82' lang='lat' dir='ltr'>Chersonesum,</span> <span class='ocrx_word' id='word_1_112' title='bbox 1084 1503 1215 1573; x_wconf 84' lang='lat' dir='ltr'>Naxum,</span> 
     </span>
    </p>
   </div>
   <div class='ocr_carea' id='block_1_4' title="bbox 119 1598 1312 1684">
    <p class='ocr_par' dir='ltr' id='par_1_4' title="bbox 119 1598 1312 1684">
     <span class='ocr_line' id='line_1_14' title="bbox 119 1598 1312 1684; baseline -0.002 -26"><span class='ocrx_word' id='word_1_113' title='bbox 119 1599 275 1672; x_wconf 73' lang='lat' dir='ltr'>Euboeam,</span> <span class='ocrx_word' id='word_1_114' title='bbox 288 1599 426 1678; x_wconf 88' lang='lat' dir='ltr'>plurimas</span> <span class='ocrx_word' id='word_1_115' title='bbox 438 1601 570 1662; x_wconf 90' lang='lat' dir='ltr'>colonias</span> <span class='ocrx_word' id='word_1_116' title='bbox 583 1602 619 1661; x_wconf 92' lang='lat' dir='ltr'>iis</span> <span class='ocrx_word' id='word_1_117' title='bbox 633 1603 812 1680; x_wconf 78' lang='lat' dir='ltr'>temporibus</span> <span class='ocrx_word' id='word_1_118' title='bbox 821 1600 1017 1662; x_wconf 86' lang='lat' dir='ltr'>condidimus.</span> <span class='ocrx_word' id='word_1_119' title='bbox 1040 1598 1081 1658; x_wconf 84' lang='lat' dir='ltr'>Et</span> <span class='ocrx_word' id='word_1_120' title='bbox 1094 1613 1161 1657; x_wconf 90' lang='lat' dir='ltr'>cum</span> <span class='ocrx_word' id='word_1_121' title='bbox 1174 1603 1220 1656; x_wconf 86' lang='lat' dir='ltr'>tot</span> <span class='ocrx_word' id='word_1_122' title='bbox 1307 1675 1312 1684; x_wconf 26' lang='grc' dir='ltr'><strong><em>ι</em></strong></span> 
     </span>
    </p>
   </div>
   <div class='ocr_carea' id='block_1_5' title="bbox 116 1687 1263 3158">
    <p class='ocr_par' dir='ltr' id='par_1_5' title="bbox 116 1687 1263 3158">
     <span class='ocr_line' id='line_1_15' title="bbox 118 1687 1218 1772; baseline -0.007 -18"><span class='ocrx_word' id='word_1_123' title='bbox 118 1692 204 1754; x_wconf 87' lang='lat' dir='ltr'>bonis</span> <span class='ocrx_word' id='word_1_124' title='bbox 214 1693 412 1765; x_wconf 81' lang='lat' dir='ltr'>afficeremus,</span> <span class='ocrx_word' id='word_1_125' title='bbox 423 1703 541 1772; x_wconf 87' lang='lat' dir='ltr'>propter</span> <span class='ocrx_word' id='word_1_126' title='bbox 555 1693 683 1770; x_wconf 81' lang='lat' dir='ltr'>Argivos</span> <span class='ocrx_word' id='word_1_127' title='bbox 692 1694 801 1753; x_wconf 89' lang='lat' dir='ltr'>bellum</span> <span class='ocrx_word' id='word_1_128' title='bbox 813 1693 963 1752; x_wconf 80' lang='lat' dir='ltr'>intulimus</span> <span class='ocrx_word' id='word_1_129' title='bbox 977 1687 1218 1760; x_wconf 81' lang='lat' dir='ltr'>Lacedremoniis,</span> 
     </span>
     <span class='ocr_line' id='line_1_16' title="bbox 120 1779 1218 1863; baseline -0.001 -22"><span class='ocrx_word' id='word_1_130' title='bbox 120 1783 238 1862; x_wconf 78' lang='lat' dir='ltr'>Argivis</span> <span class='ocrx_word' id='word_1_131' title='bbox 258 1784 400 1857; x_wconf 86' lang='lat' dir='ltr'>obsecuti,</span> <span class='ocrx_word' id='word_1_132' title='bbox 419 1785 514 1844; x_wconf 90' lang='lat' dir='ltr'>donec</span> <span class='ocrx_word' id='word_1_133' title='bbox 527 1784 647 1844; x_wconf 89' lang='lat' dir='ltr'>tandem</span> <span class='ocrx_word' id='word_1_134' title='bbox 658 1803 712 1863; x_wconf 88' lang='lat' dir='ltr'>per</span> <span class='ocrx_word' id='word_1_135' title='bbox 725 1794 872 1844; x_wconf 90' lang='lat' dir='ltr'>oratorum</span> <span class='ocrx_word' id='word_1_136' title='bbox 886 1783 1069 1845; x_wconf 84' lang='lat' dir='ltr'>velitatioues</span> <span class='ocrx_word' id='word_1_137' title='bbox 1081 1799 1118 1840; x_wconf 89' lang='lat' dir='ltr'>eo</span> <span class='ocrx_word' id='word_1_138' title='bbox 1130 1779 1218 1840; x_wconf 86' lang='lat' dir='ltr'>deve-</span> 
     </span>
     <span class='ocr_line' id='line_1_17' title="bbox 120 1871 1219 1957; baseline -0.004 -23"><span class='ocrx_word' id='word_1_139' title='bbox 120 1875 229 1949; x_wconf 86' lang='lat' dir='ltr'>nimus,</span> <span class='ocrx_word' id='word_1_140' title='bbox 239 1884 274 1934; x_wconf 90' lang='lat' dir='ltr'>ut</span> <span class='ocrx_word' id='word_1_141' title='bbox 281 1875 452 1954; x_wconf 70' lang='lat' dir='ltr'>presidium</span> <span class='ocrx_word' id='word_1_142' title='bbox 460 1875 526 1936; x_wconf 88' lang='lat' dir='ltr'>urbi</span> <span class='ocrx_word' id='word_1_143' title='bbox 534 1875 742 1955; x_wconf 75' lang='lat' dir='ltr'>imponeretur,</span> <span class='ocrx_word' id='word_1_144' title='bbox 753 1885 784 1936; x_wconf 86' lang='lat' dir='ltr'>et</span> <span class='ocrx_word' id='word_1_145' title='bbox 792 1875 1009 1957; x_wconf 77' lang='lat' dir='ltr'>quadringenti,</span> <span class='ocrx_word' id='word_1_146' title='bbox 1019 1894 1055 1936; x_wconf 90' lang='lat' dir='ltr'>ac</span> <span class='ocrx_word' id='word_1_147' title='bbox 1063 1871 1219 1954; x_wconf 82' lang='lat' dir='ltr'>post&#39;impii</span> 
     </span>
     <span class='ocr_line' id='line_1_18' title="bbox 119 1963 1243 2048; baseline -0.004 -21"><span class='ocrx_word' id='word_1_148' title='bbox 119 1967 240 2046; x_wconf 77' lang='lat' dir='ltr'>triginta</span> <span class='ocrx_word' id='word_1_149' title='bbox 252 1969 378 2048; x_wconf 73' lang='lat' dir='ltr'>tyranni,</span> <span class='ocrx_word' id='word_1_150' title='bbox 392 1987 487 2028; x_wconf 88' lang='lat' dir='ltr'>rerum</span> <span class='ocrx_word' id='word_1_151' title='bbox 501 1968 675 2048; x_wconf 82' lang='lat' dir='ltr'>potirentur,</span> <span class='ocrx_word' id='word_1_152' title='bbox 688 1988 762 2048; x_wconf 84' lang='lat' dir='ltr'>pace</span> <span class='ocrx_word' id='word_1_153' title='bbox 772 1963 833 2029; x_wconf 81' lang='lat' dir='ltr'>noir</span> <span class='ocrx_word' id='word_1_154' title='bbox 847 1970 924 2029; x_wconf 91' lang='lat' dir='ltr'>ultro</span> <span class='ocrx_word' id='word_1_155' title='bbox 934 1969 1023 2041; x_wconf 72' lang='lat' dir='ltr'>laem,</span> <span class='ocrx_word' id='word_1_156' title='bbox 1033 1967 1085 2026; x_wconf 91' lang='lat' dir='ltr'>sed</span> <span class='ocrx_word' id='word_1_157' title='bbox 1095 1968 1124 2026; x_wconf 85' lang='lat' dir='ltr'>ri</span> <span class='ocrx_word' id='word_1_158' title='bbox 1136 1965 1220 2025; x_wconf 91' lang='lat' dir='ltr'>nobis</span> <span class='ocrx_word' id='word_1_159' title='bbox 1234 1970 1243 1984; x_wconf 87' lang='lat'><em>&#39;</em></span> 
     </span>
     <span class='ocr_line' id='line_1_19' title="bbox 119 2057 1263 2142; baseline 0 -25"><span class='ocrx_word' id='word_1_160' title='bbox 119 2059 271 2138; x_wconf 82' lang='lat' dir='ltr'>imperata.</span> <span class='ocrx_word' id='word_1_161' title='bbox 304 2060 421 2120; x_wconf 88' lang='lat' dir='ltr'>Rursus</span> <span class='ocrx_word' id='word_1_162' title='bbox 434 2061 496 2120; x_wconf 88' lang='lat' dir='ltr'>rita</span> <span class='ocrx_word' id='word_1_163' title='bbox 508 2060 643 2122; x_wconf 89' lang='lat' dir='ltr'>modeste</span> <span class='ocrx_word' id='word_1_164' title='bbox 661 2071 739 2133; x_wconf 88' lang='lat' dir='ltr'>scta,</span> <span class='ocrx_word' id='word_1_165' title='bbox 755 2071 785 2120; x_wconf 91' lang='lat' dir='ltr'>et</span> <span class='ocrx_word' id='word_1_166' title='bbox 803 2060 913 2142; x_wconf 89' lang='lat' dir='ltr'>populo</span> <span class='ocrx_word' id='word_1_167' title='bbox 934 2079 952 2120; x_wconf 92' lang='lat' dir='ltr'>e</span> <span class='ocrx_word' id='word_1_168' title='bbox 971 2059 1066 2139; x_wconf 83' lang='lat' dir='ltr'>Phyle</span> <span class='ocrx_word' id='word_1_169' title='bbox 1085 2057 1219 2130; x_wconf 89' lang='lat' dir='ltr'>reducto,</span> <span class='ocrx_word' id='word_1_170' title='bbox 1260 2127 1263 2140; x_wconf 31' lang='grc' dir='ltr'>ι</span> 
     </span>
     <span class='ocr_line' id='line_1_20' title="bbox 120 2141 1220 2232; baseline -0.001 -23"><span class='ocrx_word' id='word_1_171' title='bbox 120 2150 251 2210; x_wconf 86' lang='lat' dir='ltr'>Archino</span> <span class='ocrx_word' id='word_1_172' title='bbox 271 2165 302 2212; x_wconf 92' lang='lat' dir='ltr'>et</span> <span class='ocrx_word' id='word_1_173' title='bbox 315 2152 500 2232; x_wconf 84' lang='lat' dir='ltr'>&#39;l&#39;brasybulo</span> <span class='ocrx_word' id='word_1_174' title='bbox 517 2152 618 2232; x_wconf 92' lang='lat' dir='ltr'>populi</span> <span class='ocrx_word' id='word_1_175' title='bbox 635 2163 733 2232; x_wconf 87' lang='lat' dir='ltr'>partes</span> <span class='ocrx_word' id='word_1_176' title='bbox 756 2152 995 2224; x_wconf 77' lang='lat' dir='ltr'>defendentibus,</span> <span class='ocrx_word' id='word_1_177' title='bbox 1009 2141 1154 2212; x_wconf 77' lang='lat' dir='ltr'>oblivione</span> <span class='ocrx_word' id='word_1_178' title='bbox 1175 2149 1220 2208; x_wconf 92' lang='lat' dir='ltr'>in-</span> 
     </span>
     <span class='ocr_line' id='line_1_21' title="bbox 116 2241 1220 2323; baseline -0.001 -22"><span class='ocrx_word' id='word_1_179' title='bbox 116 2241 258 2322; x_wconf 86' lang='lat' dir='ltr'>juriarum</span> <span class='ocrx_word' id='word_1_180' title='bbox 276 2243 467 2323; x_wconf 77' lang='lat' dir='ltr'>jurejurando</span> <span class='ocrx_word' id='word_1_181' title='bbox 487 2245 611 2318; x_wconf 70' lang='lat' dir='ltr'>saneim,</span> <span class='ocrx_word' id='word_1_182' title='bbox 631 2243 711 2305; x_wconf 89' lang='lat' dir='ltr'>unde</span> <span class='ocrx_word' id='word_1_183' title='bbox 731 2263 835 2306; x_wconf 87' lang='lat' dir='ltr'>omnes</span> <span class='ocrx_word' id='word_1_184' title='bbox 855 2245 1002 2306; x_wconf 83' lang='lat' dir='ltr'>civitatem</span> <span class='ocrx_word' id='word_1_185' title='bbox 1022 2253 1150 2303; x_wconf 74' lang='lat' dir='ltr'>umnam</span> <span class='ocrx_word' id='word_1_186' title='bbox 1172 2259 1220 2300; x_wconf 88' lang='lat' dir='ltr'>ss·</span> 
     </span>
     <span class='ocr_line' id='line_1_22' title="bbox 120 2331 1220 2416; baseline 0 -22"><span class='ocrx_word' id='word_1_187' title='bbox 120 2331 329 2414; x_wconf 78' lang='lat' dir='ltr'>pientimimam</span> <span class='ocrx_word' id='word_1_188' title='bbox 337 2335 518 2410; x_wconf 86' lang='lat' dir='ltr'>judicarunt,</span> <span class='ocrx_word' id='word_1_189' title='bbox 532 2346 605 2396; x_wconf 90' lang='lat' dir='ltr'>tunc</span> <span class='ocrx_word' id='word_1_190' title='bbox 616 2336 726 2416; x_wconf 87' lang='lat' dir='ltr'>populo</span> <span class='ocrx_word' id='word_1_191' title='bbox 736 2347 878 2412; x_wconf 78' lang='lat' dir='ltr'>recreato,</span> <span class='ocrx_word' id='word_1_192' title='bbox 891 2347 982 2416; x_wconf 90' lang='lat' dir='ltr'>atque</span> <span class='ocrx_word' id='word_1_193' title='bbox 993 2337 1098 2396; x_wconf 87' lang='lat' dir='ltr'>iterum</span> <span class='ocrx_word' id='word_1_194' title='bbox 1111 2333 1220 2394; x_wconf 87' lang='lat' dir='ltr'>viribus</span> 
     </span>
     <span class='ocr_line' id='line_1_23' title="bbox 120 2424 1220 2500; baseline 0.002 -15"><span class='ocrx_word' id='word_1_195' title='bbox 120 2435 220 2497; x_wconf 86' lang='lat' dir='ltr'>aucto,</span> <span class='ocrx_word' id='word_1_196' title='bbox 238 2425 316 2484; x_wconf 84' lang='lat' dir='ltr'>eires</span> <span class='ocrx_word' id='word_1_197' title='bbox 336 2426 500 2499; x_wconf 85' lang='lat' dir='ltr'>adulterini,</span> <span class='ocrx_word' id='word_1_198' title='bbox 512 2437 545 2486; x_wconf 90' lang='lat' dir='ltr'>et</span> <span class='ocrx_word' id='word_1_199' title='bbox 556 2427 659 2488; x_wconf 86' lang='lat' dir='ltr'>irauda</span> <span class='ocrx_word' id='word_1_200' title='bbox 673 2429 704 2488; x_wconf 90' lang='lat' dir='ltr'>in</span> <span class='ocrx_word' id='word_1_201' title='bbox 717 2429 818 2488; x_wconf 88' lang='lat' dir='ltr'>album</span> <span class='ocrx_word' id='word_1_202' title='bbox 839 2429 964 2490; x_wconf 84' lang='lat' dir='ltr'>civitatis</span> <span class='ocrx_word' id='word_1_203' title='bbox 983 2428 1076 2500; x_wconf 87' lang='lat' dir='ltr'>relati,</span> <span class='ocrx_word' id='word_1_204' title='bbox 1095 2424 1220 2487; x_wconf 85' lang='lat' dir='ltr'>subinde</span> 
     </span>
     <span class='ocr_line' id='line_1_24' title="bbox 120 2507 1222 2593; baseline 0.004 -19"><span class='ocrx_word' id='word_1_205' title='bbox 120 2516 303 2576; x_wconf 84' lang='lat' dir='ltr'>laborantem</span> <span class='ocrx_word' id='word_1_206' title='bbox 317 2513 396 2575; x_wconf 82' lang='lat' dir='ltr'>urbis</span> <span class='ocrx_word' id='word_1_207' title='bbox 407 2525 521 2593; x_wconf 89' lang='lat' dir='ltr'>partem</span> <span class='ocrx_word' id='word_1_208' title='bbox 535 2516 591 2574; x_wconf 91' lang='lat' dir='ltr'>sibi</span> <span class='ocrx_word' id='word_1_209' title='bbox 603 2520 806 2590; x_wconf 87' lang='lat' dir='ltr'>conciliarunt,</span> <span class='ocrx_word' id='word_1_210' title='bbox 820 2528 852 2580; x_wconf 92' lang='lat' dir='ltr'>et</span> <span class='ocrx_word' id='word_1_211' title='bbox 864 2521 975 2580; x_wconf 89' lang='lat' dir='ltr'>bellum</span> <span class='ocrx_word' id='word_1_212' title='bbox 994 2507 1123 2579; x_wconf 80' lang='lat' dir='ltr'>ex&#39;bello</span> <span class='ocrx_word' id='word_1_213' title='bbox 1138 2537 1222 2578; x_wconf 88' lang='lat' dir='ltr'>sere·</span> 
     </span>
     <span class='ocr_line' id='line_1_25' title="bbox 121 2605 1219 2687; baseline 0.003 -21"><span class='ocrx_word' id='word_1_214' title='bbox 121 2617 201 2666; x_wconf 87' lang='lat' dir='ltr'>runt.</span> <span class='ocrx_word' id='word_1_215' title='bbox 224 2605 303 2665; x_wconf 83' lang='lat' dir='ltr'>Nam</span> <span class='ocrx_word' id='word_1_216' title='bbox 316 2605 346 2663; x_wconf 91' lang='lat' dir='ltr'>in</span> <span class='ocrx_word' id='word_1_217' title='bbox 360 2625 434 2684; x_wconf 84' lang='lat' dir='ltr'>pace</span> <span class='ocrx_word' id='word_1_218' title='bbox 448 2605 544 2666; x_wconf 83' lang='lat' dir='ltr'>verbis</span> <span class='ocrx_word' id='word_1_219' title='bbox 557 2607 689 2685; x_wconf 77' lang='lat' dir='ltr'>pericula</span> <span class='ocrx_word' id='word_1_220' title='bbox 700 2610 929 2686; x_wconf 86' lang='lat' dir='ltr'>amplificabant,</span> <span class='ocrx_word' id='word_1_221' title='bbox 945 2618 977 2668; x_wconf 89' lang='lat' dir='ltr'>et</span> <span class='ocrx_word' id='word_1_222' title='bbox 989 2611 1219 2687; x_wconf 67' lang='lat' dir='ltr'>premonebant,</span> 
     </span>
     <span class='ocr_line' id='line_1_26' title="bbox 122 2696 1221 2778; baseline -0.002 -18"><span class='ocrx_word' id='word_1_223' title='bbox 122 2707 211 2778; x_wconf 87' lang='lat' dir='ltr'>atque</span> <span class='ocrx_word' id='word_1_224' title='bbox 220 2698 335 2759; x_wconf 88' lang='lat' dir='ltr'>animos</span> <span class='ocrx_word' id='word_1_225' title='bbox 342 2697 477 2758; x_wconf 86' lang='lat' dir='ltr'>liberales</span> <span class='ocrx_word' id='word_1_226' title='bbox 488 2706 519 2757; x_wconf 94' lang='lat' dir='ltr'>et</span> <span class='ocrx_word' id='word_1_227' title='bbox 526 2697 613 2757; x_wconf 89' lang='lat' dir='ltr'>nimis</span> <span class='ocrx_word' id='word_1_228' title='bbox 622 2696 734 2758; x_wconf 78' lang='lat' dir='ltr'>celeres</span> <span class='ocrx_word' id='word_1_229' title='bbox 746 2699 984 2770; x_wconf 79' lang='lat' dir='ltr'>exstimulabant,</span> <span class='ocrx_word' id='word_1_230' title='bbox 989 2700 1021 2758; x_wconf 91' lang='lat' dir='ltr'>in</span> <span class='ocrx_word' id='word_1_231' title='bbox 1027 2698 1111 2758; x_wconf 90' lang='lat' dir='ltr'>bellis</span> <span class='ocrx_word' id='word_1_232' title='bbox 1123 2709 1221 2758; x_wconf 86' lang='lat' dir='ltr'>sutem</span> 
     </span>
     <span class='ocr_line' id='line_1_27' title="bbox 124 2788 1223 2868; baseline -0.005 -16"><span class='ocrx_word' id='word_1_233' title='bbox 124 2809 207 2852; x_wconf 83' lang='lat' dir='ltr'>arma</span> <span class='ocrx_word' id='word_1_234' title='bbox 215 2809 276 2850; x_wconf 87' lang='lat' dir='ltr'>non</span> <span class='ocrx_word' id='word_1_235' title='bbox 289 2790 483 2867; x_wconf 80' lang='lat' dir='ltr'>attingebant,</span> <span class='ocrx_word' id='word_1_236' title='bbox 492 2789 624 2868; x_wconf 79' lang='lat' dir='ltr'>quamvis</span> <span class='ocrx_word' id='word_1_237' title='bbox 637 2797 669 2848; x_wconf 89' lang='lat' dir='ltr'>et</span> <span class='ocrx_word' id='word_1_238' title='bbox 680 2807 815 2850; x_wconf 88' lang='lat' dir='ltr'>censores</span> <span class='ocrx_word' id='word_1_239' title='bbox 828 2799 939 2863; x_wconf 83' lang='lat' dir='ltr'>essent,</span> <span class='ocrx_word' id='word_1_240' title='bbox 952 2788 1135 2850; x_wconf 88' lang='lat' dir='ltr'>et·classium</span> <span class='ocrx_word' id='word_1_241' title='bbox 1148 2807 1223 2868; x_wconf 80' lang='lat' dir='ltr'>prm·</span> 
     </span>
     <span class='ocr_line' id='line_1_28' title="bbox 123 2879 1223 2964; baseline -0.002 -21"><span class='ocrx_word' id='word_1_242' title='bbox 123 2884 204 2958; x_wconf 81' lang='lat' dir='ltr'>tecti,</span> <span class='ocrx_word' id='word_1_243' title='bbox 223 2883 275 2963; x_wconf 90' lang='lat' dir='ltr'>qui</span> <span class='ocrx_word' id='word_1_244' title='bbox 289 2882 409 2963; x_wconf 87' lang='lat' dir='ltr'>quidem</span> <span class='ocrx_word' id='word_1_245' title='bbox 428 2882 535 2942; x_wconf 87' lang='lat' dir='ltr'>libems</span> <span class='ocrx_word' id='word_1_246' title='bbox 548 2901 566 2941; x_wconf 90' lang='lat' dir='ltr'>a</span> <span class='ocrx_word' id='word_1_247' title='bbox 579 2881 683 2942; x_wconf 90' lang='lat' dir='ltr'>scortis</span> <span class='ocrx_word' id='word_1_248' title='bbox 696 2883 906 2964; x_wconf 74' lang='lat' dir='ltr'>suscipiebant,</span> <span class='ocrx_word' id='word_1_249' title='bbox 918 2892 950 2942; x_wconf 90' lang='lat' dir='ltr'>et</span> <span class='ocrx_word' id='word_1_250' title='bbox 966 2884 1005 2942; x_wconf 92' lang='lat' dir='ltr'>ob</span> <span class='ocrx_word' id='word_1_251' title='bbox 1025 2879 1223 2942; x_wconf 72' lang='lat' dir='ltr'>eatummmd</span> 
     </span>
     <span class='ocr_line' id='line_1_29' title="bbox 123 2972 1225 3053; baseline -0.006 -15"><span class='ocrx_word' id='word_1_252' title='bbox 123 2976 253 3038; x_wconf 89' lang='lat' dir='ltr'>studium</span> <span class='ocrx_word' id='word_1_253' title='bbox 263 2974 387 3034; x_wconf 79' lang='lat' dir='ltr'>infames</span> <span class='ocrx_word' id='word_1_254' title='bbox 399 2984 492 3034; x_wconf 89' lang='lat' dir='ltr'>erant.</span> <span class='ocrx_word' id='word_1_255' title='bbox 515 2973 555 3032; x_wconf 85' lang='lat' dir='ltr'>lli</span> <span class='ocrx_word' id='word_1_256' title='bbox 567 2972 655 3053; x_wconf 81' lang='lat' dir='ltr'>igitur</span> <span class='ocrx_word' id='word_1_257' title='bbox 663 2983 793 3034; x_wconf 78' lang='lat' dir='ltr'>nosuam</span> <span class='ocrx_word' id='word_1_258' title='bbox 804 2975 905 3034; x_wconf 86' lang='lat' dir='ltr'>urbem</span> <span class='ocrx_word' id='word_1_259' title='bbox 914 2974 944 3032; x_wconf 92' lang='lat' dir='ltr'>in</span> <span class='ocrx_word' id='word_1_260' title='bbox 955 2983 1086 3034; x_wconf 73' lang='lat' dir='ltr'>sxbema</span> <span class='ocrx_word' id='word_1_261' title='bbox 1094 2972 1225 3052; x_wconf 78' lang='lat' dir='ltr'>pennula</span> 
     </span>
     <span class='ocr_line' id='line_1_30' title="bbox 122 3065 1223 3158; baseline -0.005 -28"><span class='ocrx_word' id='word_1_262' title='bbox 122 3067 295 3149; x_wconf 86' lang='lat' dir='ltr'>conjiciunt,</span> <span class='ocrx_word' id='word_1_263' title='bbox 303 3075 334 3127; x_wconf 91' lang='lat' dir='ltr'>et</span> <span class='ocrx_word' id='word_1_264' title='bbox 345 3085 413 3158; x_wconf 83' lang='lat' dir='ltr'>curn</span> <span class='ocrx_word' id='word_1_265' title='bbox 420 3065 570 3145; x_wconf 90' lang='lat' dir='ltr'>popularis</span> <span class='ocrx_word' id='word_1_266' title='bbox 583 3065 695 3146; x_wconf 86' lang='lat' dir='ltr'>imperii</span> <span class='ocrx_word' id='word_1_267' title='bbox 707 3085 816 3127; x_wconf 86' lang='lat' dir='ltr'>nomen</span> <span class='ocrx_word' id='word_1_268' title='bbox 828 3084 889 3126; x_wconf 88' lang='lat' dir='ltr'>non</span> <span class='ocrx_word' id='word_1_269' title='bbox 902 3067 1042 3139; x_wconf 87' lang='lat' dir='ltr'>moribus,</span> <span class='ocrx_word' id='word_1_270' title='bbox 1055 3065 1109 3126; x_wconf 90' lang='lat' dir='ltr'>sed</span> <span class='ocrx_word' id='word_1_271' title='bbox 1122 3083 1223 3125; x_wconf 89' lang='lat' dir='ltr'>assen-</span> 
     </span>
    </p>
   </div>
   <div class='ocr_carea' id='block_1_6' title="bbox 32 3157 1225 3237">
    <p class='ocr_par' dir='ltr' id='par_1_6' title="bbox 32 3157 1225 3237">
     <span class='ocr_line' id='line_1_31' title="bbox 32 3157 1225 3237; baseline -0.003 -19"><span class='ocrx_word' id='word_1_272' title='bbox 32 3213 36 3218; x_wconf 87' lang='grc'><em>,</em></span> <span class='ocrx_word' id='word_1_273' title='bbox 124 3160 234 3220; x_wconf 74' lang='lat' dir='ltr'>tatium</span> <span class='ocrx_word' id='word_1_274' title='bbox 247 3158 358 3228; x_wconf 91' lang='lat' dir='ltr'>colant,</span> <span class='ocrx_word' id='word_1_275' title='bbox 373 3166 405 3217; x_wconf 89' lang='lat' dir='ltr'>et</span> <span class='ocrx_word' id='word_1_276' title='bbox 415 3175 519 3236; x_wconf 88' lang='lat' dir='ltr'>pacem</span> <span class='ocrx_word' id='word_1_277' title='bbox 532 3158 661 3230; x_wconf 87' lang='lat' dir='ltr'>turbent,</span> <span class='ocrx_word' id='word_1_278' title='bbox 675 3175 735 3237; x_wconf 88' lang='lat' dir='ltr'>qua</span> <span class='ocrx_word' id='word_1_279' title='bbox 747 3157 895 3236; x_wconf 88' lang='lat' dir='ltr'>popularis</span> <span class='ocrx_word' id='word_1_280' title='bbox 916 3166 1011 3217; x_wconf 88' lang='lat' dir='ltr'>status</span> <span class='ocrx_word' id='word_1_281' title='bbox 1024 3163 1225 3234; x_wconf 81' lang='lat' dir='ltr'>consertarur,</span> 
     </span>
    </p>
   </div>
   <div class='ocr_carea' id='block_1_7' title="bbox 52 3245 1266 4524">
    <p class='ocr_par' dir='ltr' id='par_1_7' title="bbox 125 3245 1224 3330">
     <span class='ocr_line' id='line_1_32' title="bbox 125 3245 1224 3330; baseline -0.005 -18"><span class='ocrx_word' id='word_1_282' title='bbox 125 3260 214 3330; x_wconf 88' lang='lat' dir='ltr'>atque</span> <span class='ocrx_word' id='word_1_283' title='bbox 232 3249 269 3310; x_wconf 92' lang='lat' dir='ltr'>iis</span> <span class='ocrx_word' id='word_1_284' title='bbox 281 3259 392 3309; x_wconf 83' lang='lat' dir='ltr'>navent</span> <span class='ocrx_word' id='word_1_285' title='bbox 404 3267 534 3328; x_wconf 88' lang='lat' dir='ltr'>operam,</span> <span class='ocrx_word' id='word_1_286' title='bbox 554 3249 605 3326; x_wconf 90' lang='lat' dir='ltr'>qui</span> <span class='ocrx_word' id='word_1_287' title='bbox 623 3245 764 3327; x_wconf 84' lang='lat' dir='ltr'>populum</span> <span class='ocrx_word' id='word_1_288' title='bbox 785 3247 871 3308; x_wconf 89' lang='lat' dir='ltr'>bellis</span> <span class='ocrx_word' id='word_1_289' title='bbox 892 3248 1077 3329; x_wconf 85' lang='lat' dir='ltr'>opprimunt:</span> <span class='ocrx_word' id='word_1_290' title='bbox 1098 3247 1127 3307; x_wconf 90' lang='lat' dir='ltr'>bi</span> <span class='ocrx_word' id='word_1_291' title='bbox 1145 3265 1224 3308; x_wconf 88' lang='lat' dir='ltr'>nunc</span> 
     </span>
    </p>

    <p class='ocr_par' dir='ltr' id='par_1_8' title="bbox 125 3335 1225 3422">
     <span class='ocr_line' id='line_1_33' title="bbox 125 3335 1225 3422; baseline -0.005 -16"><span class='ocrx_word' id='word_1_292' title='bbox 125 3341 295 3422; x_wconf 77' lang='lat' dir='ltr'>conglobati</span> <span class='ocrx_word' id='word_1_293' title='bbox 305 3359 353 3399; x_wconf 91' lang='lat' dir='ltr'>me</span> <span class='ocrx_word' id='word_1_294' title='bbox 362 3340 517 3410; x_wconf 83' lang='lat' dir='ltr'>invadunt,</span> <span class='ocrx_word' id='word_1_295' title='bbox 528 3359 564 3400; x_wconf 90' lang='lat' dir='ltr'>ac</span> <span class='ocrx_word' id='word_1_296' title='bbox 572 3339 740 3418; x_wconf 86' lang='lat' dir='ltr'>Philippum</span> <span class='ocrx_word' id='word_1_297' title='bbox 747 3357 851 3418; x_wconf 86' lang='lat' dir='ltr'>pacem</span> <span class='ocrx_word' id='word_1_298' title='bbox 865 3335 972 3400; x_wconf 84' lang='lat' dir='ltr'>emisse</span> <span class='ocrx_word' id='word_1_299' title='bbox 982 3339 1127 3412; x_wconf 80' lang='lat' dir='ltr'>dictitam,</span> <span class='ocrx_word' id='word_1_300' title='bbox 1136 3347 1225 3418; x_wconf 88' lang='lat' dir='ltr'>atque</span> 
     </span>
    </p>

    <p class='ocr_par' dir='ltr' id='par_1_9' title="bbox 81 3429 1226 3515">
     <span class='ocr_line' id='line_1_34' title="bbox 81 3429 1226 3515; baseline -0.004 -22"><span class='ocrx_word' id='word_1_301' title='bbox 81 3463 85 3468; x_wconf 96' lang='lat'>·</span> <span class='ocrx_word' id='word_1_302' title='bbox 124 3435 155 3493; x_wconf 88' lang='lat' dir='ltr'>in</span> <span class='ocrx_word' id='word_1_303' title='bbox 169 3433 357 3515; x_wconf 88' lang='lat' dir='ltr'>pactionibus·</span> <span class='ocrx_word' id='word_1_304' title='bbox 367 3431 465 3491; x_wconf 88' lang='lat' dir='ltr'>omnia</span> <span class='ocrx_word' id='word_1_305' title='bbox 477 3429 562 3489; x_wconf 88' lang='lat' dir='ltr'>nobis</span> <span class='ocrx_word' id='word_1_306' title='bbox 575 3430 778 3509; x_wconf 73' lang='lat' dir='ltr'>praeripuiss03</span> <span class='ocrx_word' id='word_1_307' title='bbox 802 3449 891 3510; x_wconf 87' lang='lat' dir='ltr'>quarn</span> <span class='ocrx_word' id='word_1_308' title='bbox 905 3440 1003 3490; x_wconf 85' lang='lat' dir='ltr'>autam</span> <span class='ocrx_word' id='word_1_309' title='bbox 1015 3448 1119 3510; x_wconf 86' lang='lat' dir='ltr'>pacem</span> <span class='ocrx_word' id='word_1_310' title='bbox 1132 3431 1226 3510; x_wconf 89' lang='lat' dir='ltr'>imps-</span> 
     </span>
    </p>

    <p class='ocr_par' dir='ltr' id='par_1_10' title="bbox 124 3521 1225 3593">
     <span class='ocr_line' id='line_1_35' title="bbox 124 3521 1225 3593; baseline -0.006 -7"><span class='ocrx_word' id='word_1_311' title='bbox 124 3525 209 3586; x_wconf 88' lang='lat' dir='ltr'>trarit</span> <span class='ocrx_word' id='word_1_312' title='bbox 228 3525 285 3584; x_wconf 91' lang='lat' dir='ltr'>sibi</span> <span class='ocrx_word' id='word_1_313' title='bbox 297 3521 523 3593; x_wconf 77' lang='lat' dir='ltr'>conducibilem,</span> <span class='ocrx_word' id='word_1_314' title='bbox 536 3540 603 3580; x_wconf 89' lang='lat' dir='ltr'>eam</span> <span class='ocrx_word' id='word_1_315' title='bbox 623 3521 761 3583; x_wconf 81' lang='lat' dir='ltr'>violasse.</span> <span class='ocrx_word' id='word_1_316' title='bbox 794 3523 847 3582; x_wconf 92' lang='lat' dir='ltr'>Me</span> <span class='ocrx_word' id='word_1_317' title='bbox 860 3541 930 3582; x_wconf 83' lang='lat' dir='ltr'>vero</span> <span class='ocrx_word' id='word_1_318' title='bbox 944 3521 987 3580; x_wconf 92' lang='lat' dir='ltr'>sic</span> <span class='ocrx_word' id='word_1_319' title='bbox 997 3527 1151 3592; x_wconf 78' lang='lat' dir='ltr'>becusmt,</span> <span class='ocrx_word' id='word_1_320' title='bbox 1165 3540 1225 3580; x_wconf 89' lang='lat' dir='ltr'>non</span> 
     </span>
    </p>

    <p class='ocr_par' dir='ltr' id='par_1_11' title="bbox 125 3612 1225 3695">
     <span class='ocr_line' id='line_1_36' title="bbox 125 3612 1225 3695; baseline -0.005 -18"><span class='ocrx_word' id='word_1_321' title='bbox 125 3626 162 3677; x_wconf 89' lang='lat' dir='ltr'>ut</span> <span class='ocrx_word' id='word_1_322' title='bbox 179 3617 321 3695; x_wconf 79' lang='lat' dir='ltr'>legatum,</span> <span class='ocrx_word' id='word_1_323' title='bbox 334 3613 389 3674; x_wconf 91' lang='lat' dir='ltr'>sed</span> <span class='ocrx_word' id='word_1_324' title='bbox 401 3622 436 3672; x_wconf 96' lang='lat' dir='ltr'>ut</span> <span class='ocrx_word' id='word_1_325' title='bbox 450 3612 579 3692; x_wconf 87' lang='lat' dir='ltr'>Philippi</span> <span class='ocrx_word' id='word_1_326' title='bbox 591 3621 680 3690; x_wconf 82' lang='lat' dir='ltr'>atque</span> <span class='ocrx_word' id='word_1_327' title='bbox 692 3613 786 3692; x_wconf 89' lang='lat' dir='ltr'>ipsius</span> <span class='ocrx_word' id='word_1_328' title='bbox 806 3613 887 3692; x_wconf 86' lang='lat' dir='ltr'>pacis</span> <span class='ocrx_word' id='word_1_329' title='bbox 901 3629 1090 3691; x_wconf 78' lang='lat' dir='ltr'>sponsorem:</span> <span class='ocrx_word' id='word_1_330' title='bbox 1111 3620 1225 3672; x_wconf 84' lang='lat' dir='ltr'>etcum</span> 
     </span>
    </p>

    <p class='ocr_par' dir='ltr' id='par_1_12' title="bbox 52 3702 1227 4060">
     <span class='ocr_line' id='line_1_37' title="bbox 52 3702 1225 3785; baseline -0.007 -16"><span class='ocrx_word' id='word_1_331' title='bbox 52 3777 56 3784; x_wconf 92' lang='lat'><em>.</em></span> <span class='ocrx_word' id='word_1_332' title='bbox 124 3728 165 3769; x_wconf 87' lang='lat' dir='ltr'>ne</span> <span class='ocrx_word' id='word_1_333' title='bbox 177 3707 269 3768; x_wconf 87' lang='lat' dir='ltr'>totius</span> <span class='ocrx_word' id='word_1_334' title='bbox 291 3706 412 3785; x_wconf 87' lang='lat' dir='ltr'>quidem</span> <span class='ocrx_word' id='word_1_335' title='bbox 424 3704 563 3764; x_wconf 89' lang='lat' dir='ltr'>orationis</span> <span class='ocrx_word' id='word_1_336' title='bbox 580 3714 712 3783; x_wconf 88' lang='lat' dir='ltr'>potestas</span> <span class='ocrx_word' id='word_1_337' title='bbox 732 3722 824 3784; x_wconf 88' lang='lat' dir='ltr'>penes</span> <span class='ocrx_word' id='word_1_338' title='bbox 842 3723 889 3762; x_wconf 89' lang='lat' dir='ltr'>me</span> <span class='ocrx_word' id='word_1_339' title='bbox 902 3702 1000 3776; x_wconf 81' lang='lat' dir='ltr'>fuerit,</span> <span class='ocrx_word' id='word_1_340' title='bbox 1012 3703 1160 3765; x_wconf 85' lang='lat' dir='ltr'>actionum</span> <span class='ocrx_word' id='word_1_341' title='bbox 1174 3721 1225 3762; x_wconf 59' lang='lat' dir='ltr'>ere</span> 
     </span>
     <span class='ocr_line' id='line_1_38' title="bbox 127 3793 1225 3879; baseline -0.008 -16"><span class='ocrx_word' id='word_1_342' title='bbox 127 3797 341 3879; x_wconf 87' lang='lat' dir='ltr'>spectationem</span> <span class='ocrx_word' id='word_1_343' title='bbox 358 3813 437 3856; x_wconf 89' lang='lat' dir='ltr'>ame</span> <span class='ocrx_word' id='word_1_344' title='bbox 448 3805 618 3875; x_wconf 87' lang='lat' dir='ltr'>reposcunt.</span> <span class='ocrx_word' id='word_1_345' title='bbox 650 3795 719 3855; x_wconf 81' lang='lat' dir='ltr'>Janr</span> <span class='ocrx_word' id='word_1_346' title='bbox 732 3795 860 3855; x_wconf 87' lang='lat' dir='ltr'>eundem</span> <span class='ocrx_word' id='word_1_347' title='bbox 882 3795 1029 3856; x_wconf 89' lang='lat' dir='ltr'>bominem</span> <span class='ocrx_word' id='word_1_348' title='bbox 1047 3796 1078 3855; x_wconf 91' lang='lat' dir='ltr'>in</span> <span class='ocrx_word' id='word_1_349' title='bbox 1100 3793 1225 3856; x_wconf 89' lang='lat' dir='ltr'>decretis</span> 
     </span>
     <span class='ocr_line' id='line_1_39' title="bbox 126 3885 1227 3969; baseline -0.003 -19"><span class='ocrx_word' id='word_1_350' title='bbox 126 3891 310 3955; x_wconf 87' lang='lat' dir='ltr'>laudatorem</span> <span class='ocrx_word' id='word_1_351' title='bbox 322 3907 419 3950; x_wconf 88' lang='lat' dir='ltr'>meum</span> <span class='ocrx_word' id='word_1_352' title='bbox 440 3888 574 3960; x_wconf 88' lang='lat' dir='ltr'>ostendo,</span> <span class='ocrx_word' id='word_1_353' title='bbox 588 3898 619 3946; x_wconf 89' lang='lat' dir='ltr'>at</span> <span class='ocrx_word' id='word_1_354' title='bbox 634 3888 665 3948; x_wconf 91' lang='lat' dir='ltr'>in</span> <span class='ocrx_word' id='word_1_355' title='bbox 680 3887 796 3965; x_wconf 86' lang='lat' dir='ltr'>judicio</span> <span class='ocrx_word' id='word_1_356' title='bbox 813 3898 1013 3950; x_wconf 89' lang='lat' dir='ltr'>accusatorem</span> <span class='ocrx_word' id='word_1_357' title='bbox 1031 3887 1153 3969; x_wconf 85' lang='lat' dir='ltr'>reperio.</span> <span class='ocrx_word' id='word_1_358' title='bbox 1187 3885 1227 3947; x_wconf 87' lang='lat' dir='ltr'>Et</span> 
     </span>
     <span class='ocr_line' id='line_1_40' title="bbox 126 3979 1029 4060; baseline -0.004 -16"><span class='ocrx_word' id='word_1_359' title='bbox 126 4001 196 4044; x_wconf 86' lang='lat' dir='ltr'>cunr</span> <span class='ocrx_word' id='word_1_360' title='bbox 210 3982 341 4042; x_wconf 85' lang='lat' dir='ltr'>decimus</span> <span class='ocrx_word' id='word_1_361' title='bbox 354 3981 417 4060; x_wconf 88' lang='lat' dir='ltr'>ipse</span> <span class='ocrx_word' id='word_1_362' title='bbox 430 3981 547 4059; x_wconf 80' lang='lat' dir='ltr'>legatus</span> <span class='ocrx_word' id='word_1_363' title='bbox 560 3979 675 4052; x_wconf 82' lang='lat' dir='ltr'>inerim,</span> <span class='ocrx_word' id='word_1_364' title='bbox 688 3981 771 4040; x_wconf 90' lang='lat' dir='ltr'>solus</span> <span class='ocrx_word' id='word_1_365' title='bbox 784 3979 913 4041; x_wconf 89' lang='lat' dir='ltr'>rationes</span> <span class='ocrx_word' id='word_1_366' title='bbox 927 3981 1029 4040; x_wconf 89' lang='lat' dir='ltr'>reddo.</span> 
     </span>
    </p>

    <p class='ocr_par' dir='ltr' id='par_1_13' title="bbox 126 4071 1266 4433">
     <span class='ocr_line' id='line_1_41' title="bbox 169 4071 1228 4152; baseline -0.004 -18"><span class='ocrx_word' id='word_1_367' title='bbox 169 4077 220 4134; x_wconf 82' lang='lat'>55.</span> <span class='ocrx_word' id='word_1_368' title='bbox 241 4073 361 4133; x_wconf 82' lang='lat' dir='ltr'>Adsunt</span> <span class='ocrx_word' id='word_1_369' title='bbox 373 4073 444 4131; x_wconf 89' lang='lat' dir='ltr'>mibi</span> <span class='ocrx_word' id='word_1_370' title='bbox 459 4071 577 4151; x_wconf 87' lang='lat' dir='ltr'>quidem</span> <span class='ocrx_word' id='word_1_371' title='bbox 589 4071 640 4152; x_wconf 91' lang='lat' dir='ltr'>qui</span> <span class='ocrx_word' id='word_1_372' title='bbox 653 4089 713 4130; x_wconf 90' lang='lat' dir='ltr'>una</span> <span class='ocrx_word' id='word_1_373' title='bbox 725 4089 842 4131; x_wconf 88' lang='lat' dir='ltr'>mecum</span> <span class='ocrx_word' id='word_1_374' title='bbox 856 4091 908 4132; x_wconf 88' lang='lat' dir='ltr'>ros</span> <span class='ocrx_word' id='word_1_375' title='bbox 922 4071 1126 4152; x_wconf 90' lang='lat' dir='ltr'>deprecentur,</span> <span class='ocrx_word' id='word_1_376' title='bbox 1144 4079 1228 4150; x_wconf 88' lang='lat' dir='ltr'>pater</span> 
     </span>
     <span class='ocr_line' id='line_1_42' title="bbox 127 4163 1228 4244; baseline -0.002 -18"><span class='ocrx_word' id='word_1_377' title='bbox 127 4185 223 4239; x_wconf 88' lang='lat' dir='ltr'>meus,</span> <span class='ocrx_word' id='word_1_378' title='bbox 235 4165 284 4226; x_wconf 89' lang='lat' dir='ltr'>cui</span> <span class='ocrx_word' id='word_1_379' title='bbox 297 4184 380 4244; x_wconf 89' lang='lat' dir='ltr'>spem</span> <span class='ocrx_word' id='word_1_380' title='bbox 394 4164 553 4225; x_wconf 88' lang='lat' dir='ltr'>senectutis</span> <span class='ocrx_word' id='word_1_381' title='bbox 562 4183 602 4224; x_wconf 92' lang='lat' dir='ltr'>ne</span> <span class='ocrx_word' id='word_1_382' title='bbox 614 4163 761 4242; x_wconf 89' lang='lat' dir='ltr'>eripiatis:</span> <span class='ocrx_word' id='word_1_383' title='bbox 782 4174 813 4223; x_wconf 89' lang='lat' dir='ltr'>et</span> <span class='ocrx_word' id='word_1_384' title='bbox 825 4164 941 4236; x_wconf 83' lang='lat' dir='ltr'>fratres,</span> <span class='ocrx_word' id='word_1_385' title='bbox 949 4164 1000 4244; x_wconf 88' lang='lat' dir='ltr'>qui</span> <span class='ocrx_word' id='word_1_386' title='bbox 1013 4182 1032 4225; x_wconf 91' lang='lat' dir='ltr'>a</span> <span class='ocrx_word' id='word_1_387' title='bbox 1045 4181 1092 4224; x_wconf 90' lang='lat' dir='ltr'>me</span> <span class='ocrx_word' id='word_1_388' title='bbox 1103 4163 1228 4244; x_wconf 86' lang='lat' dir='ltr'>sejuncti</span> 
     </span>
     <span class='ocr_line' id='line_1_43' title="bbox 126 4253 1228 4336; baseline -0.002 -18"><span class='ocrx_word' id='word_1_389' title='bbox 126 4258 218 4318; x_wconf 82' lang='lat' dir='ltr'>vitam</span> <span class='ocrx_word' id='word_1_390' title='bbox 231 4256 286 4317; x_wconf 88' lang='lat' dir='ltr'>sibi</span> <span class='ocrx_word' id='word_1_391' title='bbox 300 4257 617 4336; x_wconf 82' lang='lat' dir='ltr'>acerbamputabunt:</span> <span class='ocrx_word' id='word_1_392' title='bbox 641 4255 745 4314; x_wconf 87' lang='lat' dir='ltr'>affines</span> <span class='ocrx_word' id='word_1_393' title='bbox 759 4255 829 4315; x_wconf 87' lang='lat' dir='ltr'>item</span> <span class='ocrx_word' id='word_1_394' title='bbox 843 4264 874 4314; x_wconf 92' lang='lat' dir='ltr'>et</span> <span class='ocrx_word' id='word_1_395' title='bbox 885 4254 916 4314; x_wconf 91' lang='lat' dir='ltr'>hi</span> <span class='ocrx_word' id='word_1_396' title='bbox 930 4255 1021 4335; x_wconf 88' lang='lat' dir='ltr'>puelli</span> <span class='ocrx_word' id='word_1_397' title='bbox 1033 4253 1162 4335; x_wconf 88' lang='lat' dir='ltr'>quidem,</span> <span class='ocrx_word' id='word_1_398' title='bbox 1175 4255 1228 4336; x_wconf 87' lang='lat' dir='ltr'>qui</span> 
     </span>
     <span class='ocr_line' id='line_1_44' title="bbox 127 4348 1266 4433; baseline -0.003 -22"><span class='ocrx_word' id='word_1_399' title='bbox 127 4351 258 4433; x_wconf 84' lang='lat' dir='ltr'>pericula</span> <span class='ocrx_word' id='word_1_400' title='bbox 278 4351 409 4410; x_wconf 91' lang='lat' dir='ltr'>nondum</span> <span class='ocrx_word' id='word_1_401' title='bbox 423 4351 599 4430; x_wconf 81' lang='lat' dir='ltr'>intelligunt,</span> <span class='ocrx_word' id='word_1_402' title='bbox 620 4348 672 4410; x_wconf 89' lang='lat' dir='ltr'>sed</span> <span class='ocrx_word' id='word_1_403' title='bbox 686 4348 867 4409; x_wconf 88' lang='lat' dir='ltr'>miserabiles</span> <span class='ocrx_word' id='word_1_404' title='bbox 885 4357 983 4410; x_wconf 78' lang='lat' dir='ltr'>tamen</span> <span class='ocrx_word' id='word_1_405' title='bbox 996 4357 1065 4410; x_wconf 91' lang='lat' dir='ltr'>sunt</span> <span class='ocrx_word' id='word_1_406' title='bbox 1082 4348 1184 4418; x_wconf 87' lang='lat' dir='ltr'>luturi,</span> <span class='ocrx_word' id='word_1_407' title='bbox 1202 4348 1227 4408; x_wconf 93' lang='lat' dir='ltr'>si</span> <span class='ocrx_word' id='word_1_408' title='bbox 1260 4361 1266 4382; x_wconf 87' lang='lat'><em>&#39;</em></span> 
     </span>
    </p>

    <p class='ocr_par' dir='ltr' id='par_1_14' title="bbox 102 4432 1225 4524">
     <span class='ocr_line' id='line_1_45' title="bbox 102 4432 1225 4524; baseline -0.002 -18"><span class='ocrx_word' id='word_1_409' title='bbox 102 4432 106 4441; x_wconf 78' lang='grc'><strong>’</strong></span> <span class='ocrx_word' id='word_1_410' title='bbox 127 4443 297 4524; x_wconf 89' lang='lat' dir='ltr'>quidnobis</span> <span class='ocrx_word' id='word_1_411' title='bbox 311 4443 460 4505; x_wconf 82' lang='lat' dir='ltr'>acciderit</span> <span class='ocrx_word' id='word_1_412' title='bbox 482 4443 541 4503; x_wconf 87' lang='lat' dir='ltr'>Pro</span> <span class='ocrx_word' id='word_1_413' title='bbox 554 4441 661 4523; x_wconf 88' lang='lat' dir='ltr'>quibus</span> <span class='ocrx_word' id='word_1_414' title='bbox 673 4461 732 4522; x_wconf 74' lang='lat' dir='ltr'>ego</span> <span class='ocrx_word' id='word_1_415' title='bbox 744 4461 859 4505; x_wconf 83' lang='lat' dir='ltr'>vosoro</span> <span class='ocrx_word' id='word_1_416' title='bbox 872 4451 961 4524; x_wconf 87' lang='lat' dir='ltr'>atque</span> <span class='ocrx_word' id='word_1_417' title='bbox 971 4438 1115 4520; x_wconf 80' lang='lat' dir='ltr'>obtestor,</span> <span class='ocrx_word' id='word_1_418' title='bbox 1127 4453 1162 4502; x_wconf 91' lang='lat' dir='ltr'>ut</span> <span class='ocrx_word' id='word_1_419' title='bbox 1173 4457 1225 4504; x_wconf 79' lang='lat' dir='ltr'>eos</span> 
     </span>
    </p>
   </div>
   <div class='ocr_carea' id='block_1_8' title="bbox 0 0 1503 5017">
    <p class='ocr_par' dir='ltr' id='par_1_15' title="bbox 0 0 1503 5017">
     <span class='ocr_line' id='line_1_46' title="bbox 0 0 1503 5017; baseline 0 0"><span class='ocrx_word' id='word_1_420' title='bbox 0 0 1503 5017; x_wconf 95' lang='lat' dir='ltr'> </span> 
     </span>
    </p>
   </div>
  </div>
 </body>
</html>
