2967 5017
321 793 584 869 ADVERSUS
615 794 951 872 THERAMENIS
977 787 1285 869 MALEDICTA.

387 1083 694 1143 DEMOSTHENES
715 1083 890 1142 SENATUI
912 1081 1163 1150 POPULOQUE
1184 1081 1216 1140 S.

298 1246 412 1307 Annio
426 1248 463 1307 de
477 1268 522 1308 me
541 1249 761 1323 Theramenem,
775 1269 842 1308 cum
856 1250 913 1310 alia
926 1250 1033 1310 dixisse
1047 1245 1268 1318 contumeliosa,
1281 1255 1346 1306 tum

258 1355 328 1397 vero
341 1340 532 1419 exprobrasse
544 1340 752 1401 infelicitatem.
781 1343 855 1401 Eum
869 1343 958 1422 igitur
971 1342 1114 1421 ignorare,
1128 1340 1271 1412 convicio,
1284 1359 1347 1419 qno

259 1429 342 1489 nulla
358 1432 430 1510 ejus,
450 1432 498 1491 cui
519 1432 562 1503 lit,
582 1431 744 1491 declaretur
763 1432 943 1511 improbitas,
957 1433 1035 1513 apud
1054 1432 1185 1492 homines
1207 1431 1346 1492 cordatos

257 1520 329 1580 nibil
340 1522 451 1601 profici,
466 1541 524 1582 non
535 1523 631 1582 miror.
673 1523 750 1582 Nam
762 1532 792 1581 et
801 1524 831 1582 in
844 1524 903 1583 vita
914 1524 1120 1593 confidentem,
1134 1533 1165 1582 et
1174 1541 1232 1581 non
1243 1532 1348 1582 natura

257 1611 360 1686 civem,
373 1625 404 1673 et
417 1635 435 1674 a
447 1635 537 1694 puero
551 1614 581 1673 in
594 1614 754 1694 prostibulo
772 1616 940 1686 educatum,
954 1617 1067 1676 nescire
1080 1616 1145 1676 hanc
1159 1634 1246 1693 quarn
1260 1614 1347 1676 intel-

257 1706 347 1787 ligere
359 1708 472 1768 facilius
488 1707 567 1768 credi
580 1719 685 1788 potest
729 1709 805 1768 Cum
828 1729 864 1768 eo
883 1708 980 1786 igitur,
996 1709 1019 1770 si
1040 1707 1160 1786 quando
1180 1707 1303 1779 rediero,
1316 1717 1348 1766 et

257 1817 391 1860 mansero
411 1800 574 1874 incolumis,
588 1800 736 1880 disputare
756 1802 884 1861 conabor
900 1801 937 1860 de
950 1801 1040 1880 ipsius
1053 1810 1083 1860 et
1095 1801 1126 1859 in
1139 1819 1186 1860 me
1198 1807 1229 1857 et
1250 1801 1280 1858 in
1294 1817 1347 1858 ros

258 1890 455 1963 contumeliis,
476 1911 602 1971 eumque
622 1912 709 1972 spero
731 1913 791 1964 me,
813 1893 945 1970 quamvis
969 1894 1006 1953 ab
1028 1893 1108 1951 omni
1120 1890 1297 1951 verecundis
1309 1891 1349 1950 sit

256 1980 381 2054 alienus,
394 1982 600 2043 modestiorem
613 1983 802 2043 effecturum:
823 1984 905 2043 vobis
922 1995 1019 2044 autem
1037 1984 1146 2062 publici
1166 1983 1236 2044 boni
1255 2001 1348 2044 causa
1477 1993 1478 2038 ἕ

257 2073 324 2132 volo
341 2093 393 2152 per
415 2074 524 2146 literas,
537 2094 606 2153 quse
626 2073 707 2134 bisce
730 2075 768 2134 de
794 2077 880 2136 rebus
901 2076 1026 2136 dicenda
1046 2076 1151 2146 habeo,
1172 2074 1346 2154 significare.

257 2165 334 2231 Quos
353 2163 436 2224 vobis
458 2165 612 2246 diligenter
630 2166 888 2228 animadvertenda
908 2179 987 2240 sunt,
1001 2179 1035 2229 ut
1052 2187 1119 2228 mea
1140 2167 1259 2246 quidem
1279 2188 1367 2238 son-,
1477 2199 1478 2238 3

257 2256 350 2317 tentia
361 2275 420 2317 non
434 2267 550 2318 tantum
563 2259 775 2319 auscultatione
796 2260 896 2338 digna,
911 2261 964 2320 sed
985 2263 1072 2322 etiam
1093 2261 1239 2322 memoria.
1281 2261 1349 2340 Ego

256 2358 383 2410 vestram
404 2351 504 2410 urbem
527 2351 656 2411 omniurn
678 2353 793 2412 urbium
817 2353 1074 2413 fortunatissimam
1088 2354 1221 2414 existimo
1238 2364 1270 2416 et
1289 2353 1347 2416 diis

255 2440 450 2501 carissimam:
471 2454 502 2502 et
515 2443 580 2501 lroec
592 2445 694 2504 testari
706 2444 745 2504 de
758 2445 841 2505 vobis
855 2454 885 2504 et
903 2445 924 2506 J
925 2465 1009 2506 orem
1022 2446 1208 2506 Dodonaeum
1223 2456 1255 2507 et
1272 2446 1348 2506 Dio·
1477 2405 1478 2454 l

255 2551 316 2593 nen
328 2542 359 2592 et
376 2532 513 2613 Pythium
527 2533 693 2612 Apollinem
715 2546 874 2616 perpetuo,
882 2546 913 2596 ct
931 2536 1084 2617 obsignare
1104 2537 1224 2617 insuper
1236 2538 1347 2600 bonam

254 2629 399 2690 fortunam
412 2649 477 2690 esse
495 2630 525 2690 in
539 2631 610 2690 urbe
621 2640 726 2690 restra.
755 2629 823 2689 Jam
837 2650 904 2708 quae
917 2631 955 2690 de
968 2630 1072 2690 futuris
1082 2631 1168 2690 rebus
1183 2630 1348 2708 significant

255 2721 307 2797 dii,
327 2743 364 2782 ea
383 2741 435 2783 eos
460 2723 618 2802 predicere
638 2723 825 2804 perspicuum
844 2733 906 2784 est:
928 2722 1111 2802 spreteritis
1128 2731 1224 2783 autern
1238 2723 1346 2802 petitas

163 2827 185 2842 ·'
254 2815 464 2896 appellationes
488 2818 576 2877 rebus
596 2835 663 2894 quta
683 2816 857 2876 factasunt
878 2815 1013 2876 tribuere.
1065 2813 1132 2894 Ego
1157 2825 1254 2874 antem
1277 2833 1346 2893 quse

253 2909 334 2988 apud
347 2929 400 2970 ros
420 2907 469 2988 egi
488 2909 520 2968 in
541 2908 700 2989 republica,
719 2929 757 2967 ex
779 2907 814 2966 iis
837 2917 905 2968 sunt
924 2926 990 2985 quae
1008 2906 1070 2987 jam
1084 2905 1291 2986 preterierunt,
1305 2909 1345 2968 ob

117 3017 124 3030 ·
252 3021 320 3081 ques
333 3001 374 3062 dii
387 3021 438 3062 ros
451 3000 552 3061 felices
566 3001 762 3061 nominarunt.
806 2999 873 3066 Quo
894 2999 982 3076 igitur
1000 3009 1086 3078 pacto
1107 3017 1222 3077 aequum
1235 3011 1282 3060 est
1292 3018 1347 3062 vos

252 3095 303 3174 qui
316 3095 453 3175 paruistis
463 3093 564 3155 felices
582 3092 649 3165 dici,
662 3112 729 3151 euru
742 3111 811 3152 vero
824 3091 874 3169 qui
888 3089 979 3150 suasit
993 3091 1168 3152 contrarium
1182 3111 1347 3170 cognomen

251 3189 365 3250 sortiri?
396 3188 460 3248 Nisi
485 3188 551 3266 qnia
573 3187 632 3246 hoc
653 3186 779 3246 fortasse
809 3186 922 3256 dixerit,
952 3204 1137 3246 communem
1167 3186 1347 3260 felicitatem,

252 3281 337 3360 cujus
350 3301 406 3358 ego
419 3280 462 3340 lui
475 3298 588 3352 suasor,
601 3279 674 3339 deos
686 3299 752 3340 esse
773 3279 822 3359 qui
840 3278 1001 3349 nominent,
1016 3279 1121 3358 quibus
1135 3278 1248 3338 mentiri
1262 3279 1346 3340 nefas

252 3381 317 3432 est:
339 3372 482 3452 privatum
496 3381 593 3431 autem
613 3369 786 3445 convicium,
806 3391 865 3450 quo
884 3372 915 3430 in
929 3391 974 3430 me
989 3390 1061 3431 usus
1075 3381 1120 3430 est
1137 3371 1345 3444 lberamenm,

249 3465 397 3525 bominem
420 3463 561 3523 audacem
582 3474 614 3523 et
633 3464 835 3543 impudentem
853 3474 884 3523 et
904 3462 1024 3522 rationis
1038 3462 1127 3523 etiam
1140 3476 1286 3543 expertem
1296 3465 1346 3543 ja-

243 3566 355 3619 ctasse.
398 3558 501 3636 Neque
514 3575 583 3616 vero
597 3555 690 3616 solum
705 3576 721 3616 e
736 3556 857 3617 deornm
868 3555 992 3616 oraculis
1003 3557 1109 3614 bonam
1124 3573 1188 3614 esse
1202 3574 1262 3634 qua
1272 3555 1346 3616 estis

250 3651 296 3711 usi
307 3651 453 3712 fortunam
468 3648 626 3730 reperietis,
639 3648 691 3708 sed
705 3649 777 3729 ipsis
790 3651 877 3708 etiam
892 3647 1055 3718 eventibus,
1071 3648 1158 3708 modo
1172 3657 1252 3708 recte
1262 3647 1345 3728 judi·

249 3763 318 3804 care
330 3743 430 3814 libeat,
444 3741 647 3802 consideratis.
688 3741 750 3800 Vos
771 3740 858 3811 enirn,
873 3739 896 3799 si
911 3748 944 3798 ut
957 3739 1089 3799 homines
1108 3738 1226 3819 negotia
1247 3739 1345 3799 consi-

248 3835 350 3895 derare
364 3833 462 3904 vultis,
474 3832 697 3893 felicissimame
711 3833 782 3892 meis
791 3830 918 3891 consiliis
929 3832 1030 3890 urbem
1040 3849 1107 3890 esse
1117 3830 1226 3892 factam
1239 3831 1345 3911 reperi·

248 3927 321 3986 etis:
342 3925 398 3994 sin,
422 3945 489 4004 qua
512 3923 553 3983 dii
569 3925 623 3983 soli
641 3925 749 3983 eximia
764 3932 877 3996 tenent,
891 3942 941 3983 vos
964 3923 1103 4002 consequi
1122 3922 1289 4002 postulatis,
1308 3941 1346 3983 ea

247 4039 314 4098 qnae
327 4018 389 4078 lieri
403 4028 553 4096 nequeunt
570 4015 724 4078 affectatis.
766 4015 845 4082 Quid
860 4015 946 4094 igitur
967 4015 1007 4076 dii
1026 4016 1161 4074 eximium
1176 4016 1344 4077 bominibus

247 4121 385 4189 negatum
399 4107 533 4181 babenti
568 4108 610 4166 Ut
630 4108 709 4167 bona
729 4107 826 4167 omnia
849 4107 879 4166 in
902 4125 955 4167 sua
972 4126 1061 4168 mann
1083 4117 1113 4167 et
1129 4117 1276 4188 potestate
1298 4119 1343 4168 te·

246 4214 438 4280 neanteaque
448 4212 509 4261 tum
520 4219 636 4260 servare
649 4199 704 4280 ipsi
719 4211 781 4260 tum
791 4199 900 4259 donare
910 4200 1023 4259 canteris
1032 4202 1158 4279 possint,
1173 4212 1263 4280 utque
1274 4201 1343 4262 mali

246 4293 320 4354 nibil
332 4297 369 4354 ab
384 4294 464 4354 omni
476 4293 596 4353 oevovel
609 4293 687 4372 passi
701 4292 750 4351 rel
763 4290 877 4372 passuri
893 4291 960 4351 sint.
997 4292 1064 4352 dam
1078 4293 1124 4352 bis
1130 4293 1219 4374 jactis
1233 4294 1342 4355 sunda·

245 4386 363 4460 mentis,
375 4385 620 4465 quemadmodum
639 4385 736 4456 decet,
751 4392 880 4444 vestrum
895 4391 1003 4444 statum
1018 4385 1201 4446 considerate
1220 4395 1252 4445 et
1272 4405 1341 4446 curn

170 4515 174 4526 ·
243 4490 414 4541 ceterorum
435 4479 552 4539 fortuna
572 4477 713 4537 conlerte.
757 4477 851 4536 Nemo
864 4475 941 4536 enim
962 4477 1003 4538 ita
1023 4497 1133 4539 vaecors
1154 4489 1209 4552 est,
1231 4479 1279 4557 qui
1296 4479 1341 4539 vel
