<?xml version="1.0" encoding="UTF-8"?>
<!DOCTYPE html PUBLIC "-//W3C//DTD XHTML 1.0 Transitional//EN"
    "http://www.w3.org/TR/xhtml1/DTD/xhtml1-transitional.dtd">
<html xmlns="http://www.w3.org/1999/xhtml" xml:lang="en" lang="en">
 <head>
  <title>
</title>
<meta http-equiv="Content-Type" content="text/html;charset=utf-8" />
  <meta name='ocr-system' content='tesseract 3.04.00' />
  <meta name='ocr-capabilities' content='ocr_page ocr_carea ocr_par ocr_line ocrx_word'/>
</head>
<body>
  <div class='ocr_page' id='page_1' title='image "./oratoresatticie00dupogoog_0405.png"; bbox 0 0 2967 5017; ppageno 0'>
   <div class='ocr_carea' id='block_1_1' title="bbox 362 330 1225 396">
    <p class='ocr_par' dir='ltr' id='par_1_1' title="bbox 362 330 1225 396">
     <span class='ocr_line' id='line_1_1' title="bbox 362 330 1225 396; baseline -0.006 -3"><span class='ocrx_word' id='word_1_1' title='bbox 362 333 420 394; x_wconf 82' lang='lat' dir='ltr'><strong>DE</strong></span> <span class='ocrx_word' id='word_1_2' title='bbox 442 333 564 396; x_wconf 81' lang='lat' dir='ltr'><strong>MALE</strong></span> <span class='ocrx_word' id='word_1_3' title='bbox 586 330 719 394; x_wconf 83' lang='lat' dir='ltr'><strong>GESTA</strong></span> <span class='ocrx_word' id='word_1_4' title='bbox 740 331 994 395; x_wconf 68' lang='lat' dir='ltr'><strong>LEGATIONEr</strong></span> <span class='ocrx_word' id='word_1_5' title='bbox 1184 331 1225 388; x_wconf 81' lang='lat'><strong>49</strong></span> 
     </span>
    </p>
   </div>
   <div class='ocr_carea' id='block_1_2' title="bbox 124 482 1224 750">
    <p class='ocr_par' dir='ltr' id='par_1_2' title="bbox 124 482 1224 750">
     <span class='ocr_line' id='line_1_2' title="bbox 125 482 1223 567; baseline 0.004 -23"><span class='ocrx_word' id='word_1_6' title='bbox 125 482 265 565; x_wconf 68' lang='lat' dir='ltr'><strong>{egidrus</strong></span> <span class='ocrx_word' id='word_1_7' title='bbox 277 485 410 548; x_wconf 86' lang='lat' dir='ltr'><strong>homines</strong></span> <span class='ocrx_word' id='word_1_8' title='bbox 420 509 458 550; x_wconf 82' lang='lat' dir='ltr'><strong>ex</strong></span> <span class='ocrx_word' id='word_1_9' title='bbox 471 487 590 552; x_wconf 80' lang='lat' dir='ltr'><strong>Gracia</strong></span> <span class='ocrx_word' id='word_1_10' title='bbox 601 487 790 567; x_wconf 76' lang='lat' dir='ltr'><strong>collegerant,</strong></span> <span class='ocrx_word' id='word_1_11' title='bbox 804 508 841 552; x_wconf 86' lang='lat' dir='ltr'><strong>ec</strong></span> <span class='ocrx_word' id='word_1_12' title='bbox 851 490 973 550; x_wconf 75' lang='lat' dir='ltr'>seorsim</span> <span class='ocrx_word' id='word_1_13' title='bbox 986 489 1016 548; x_wconf 91' lang='lat' dir='ltr'><strong>in</strong></span> <span class='ocrx_word' id='word_1_14' title='bbox 1029 488 1223 548; x_wconf 86' lang='lat' dir='ltr'><strong>mercenarios</strong></span> 
     </span>
     <span class='ocr_line' id='line_1_3' title="bbox 125 574 1222 659; baseline 0.005 -24"><span class='ocrx_word' id='word_1_15' title='bbox 125 574 209 649; x_wconf 90' lang='lat' dir='ltr'><strong>istos,</strong></span> <span class='ocrx_word' id='word_1_16' title='bbox 221 577 272 655; x_wconf 82' lang='lat' dir='ltr'><strong>qui</strong></span> <span class='ocrx_word' id='word_1_17' title='bbox 285 578 316 636; x_wconf 92' lang='lat' dir='ltr'><strong>in</strong></span> <span class='ocrx_word' id='word_1_18' title='bbox 328 589 468 659; x_wconf 76' lang='lat' dir='ltr'><strong>suggesto</strong></span> <span class='ocrx_word' id='word_1_19' title='bbox 479 591 510 640; x_wconf 92' lang='lat' dir='ltr'><strong>et</strong></span> <span class='ocrx_word' id='word_1_20' title='bbox 523 580 713 640; x_wconf 79' lang='lat' dir='ltr'><strong>concionibus</strong></span> <span class='ocrx_word' id='word_1_21' title='bbox 724 591 897 641; x_wconf 83' lang='lat' dir='ltr'><strong>versantur:</strong></span> <span class='ocrx_word' id='word_1_22' title='bbox 922 579 972 659; x_wconf 90' lang='lat' dir='ltr'><strong>qui</strong></span> <span class='ocrx_word' id='word_1_23' title='bbox 986 599 1004 640; x_wconf 81' lang='lat' dir='ltr'><strong>a</strong></span> <span class='ocrx_word' id='word_1_24' title='bbox 1017 577 1129 638; x_wconf 88' lang='lat' dir='ltr'><strong>miseris</strong></span> <span class='ocrx_word' id='word_1_25' title='bbox 1142 579 1222 640; x_wconf 89' lang='lat' dir='ltr'><strong>insu-</strong></span> 
     </span>
     <span class='ocr_line' id='line_1_4' title="bbox 124 666 1224 750; baseline 0.004 -22"><span class='ocrx_word' id='word_1_26' title='bbox 124 666 237 728; x_wconf 86' lang='lat' dir='ltr'><strong>laribns</strong></span> <span class='ocrx_word' id='word_1_27' title='bbox 258 672 416 749; x_wconf 88' lang='lat' dir='ltr'><strong>quotannis</strong></span> <span class='ocrx_word' id='word_1_28' title='bbox 428 675 579 750; x_wconf 75' lang='lat' dir='ltr'><strong>maginae</strong></span> <span class='ocrx_word' id='word_1_29' title='bbox 593 673 706 732; x_wconf 87' lang='lat' dir='ltr'><strong>talenta</strong></span> <span class='ocrx_word' id='word_1_30' title='bbox 722 673 886 750; x_wconf 76' lang='lat' dir='ltr'>exigebant</span> <span class='ocrx_word' id='word_1_31' title='bbox 898 670 999 731; x_wconf 88' lang='lat' dir='ltr'><strong>tributi</strong></span> <span class='ocrx_word' id='word_1_32' title='bbox 1013 669 1151 731; x_wconf 88' lang='lat' dir='ltr'><strong>nomine:</strong></span> <span class='ocrx_word' id='word_1_33' title='bbox 1172 673 1224 750; x_wconf 93' lang='lat' dir='ltr'><strong>qui</strong></span> 
     </span>
    </p>
   </div>
   <div class='ocr_carea' id='block_1_3' title="bbox 124 761 1329 844">
    <p class='ocr_par' dir='ltr' id='par_1_3' title="bbox 124 761 1329 844">
     <span class='ocr_line' id='line_1_5' title="bbox 124 761 1329 844; baseline 0.005 -25"><span class='ocrx_word' id='word_1_34' title='bbox 124 771 258 844; x_wconf 74' lang='lat' dir='ltr'><strong>navaret</strong></span> <span class='ocrx_word' id='word_1_35' title='bbox 271 761 393 822; x_wconf 79' lang='lat' dir='ltr'><strong>Groecos</strong></span> <span class='ocrx_word' id='word_1_36' title='bbox 402 763 435 822; x_wconf 92' lang='lat' dir='ltr'><strong>in</strong></span> <span class='ocrx_word' id='word_1_37' title='bbox 445 763 593 822; x_wconf 86' lang='lat' dir='ltr'><strong>communi</strong></span> <span class='ocrx_word' id='word_1_38' title='bbox 604 764 672 822; x_wconf 87' lang='lat' dir='ltr'><strong>navi</strong></span> <span class='ocrx_word' id='word_1_39' title='bbox 681 761 944 840; x_wconf 81' lang='lat' dir='ltr'><strong>depraedabantur:</strong></span> <span class='ocrx_word' id='word_1_40' title='bbox 966 772 1067 821; x_wconf 88' lang='lat' dir='ltr'><strong>nostra</strong></span> <span class='ocrx_word' id='word_1_41' title='bbox 1076 781 1144 821; x_wconf 81' lang='lat' dir='ltr'><strong>vero</strong></span> <span class='ocrx_word' id='word_1_42' title='bbox 1155 764 1222 826; x_wconf 87' lang='lat' dir='ltr'><strong>urbs</strong></span> <span class='ocrx_word' id='word_1_43' title='bbox 1321 779 1329 795; x_wconf 90' lang='grc'><em>·</em></span> 
     </span>
    </p>
   </div>
   <div class='ocr_carea' id='block_1_4' title="bbox 106 849 1224 1846">
    <p class='ocr_par' dir='ltr' id='par_1_4' title="bbox 106 849 1224 1846">
     <span class='ocr_line' id='line_1_6' title="bbox 123 849 1223 932; baseline 0.005 -23"><span class='ocrx_word' id='word_1_44' title='bbox 123 849 193 910; x_wconf 92' lang='lat' dir='ltr'><strong>loco</strong></span> <span class='ocrx_word' id='word_1_45' title='bbox 218 853 401 914; x_wconf 75' lang='lat' dir='ltr'><strong>auctoritatis</strong></span> <span class='ocrx_word' id='word_1_46' title='bbox 424 864 455 914; x_wconf 93' lang='lat' dir='ltr'><strong>et</strong></span> <span class='ocrx_word' id='word_1_47' title='bbox 478 853 658 932; x_wconf 87' lang='lat' dir='ltr'><strong>principatus</strong></span> <span class='ocrx_word' id='word_1_48' title='bbox 686 852 872 925; x_wconf 84' lang='lat' dir='ltr'><strong>Graecorum,</strong></span> <span class='ocrx_word' id='word_1_49' title='bbox 900 853 1024 914; x_wconf 89' lang='lat' dir='ltr'><strong>eandem</strong></span> <span class='ocrx_word' id='word_1_50' title='bbox 1046 853 1223 932; x_wconf 85' lang='lat' dir='ltr'><strong>opinionem,</strong></span> 
     </span>
     <span class='ocr_line' id='line_1_7' title="bbox 123 944 1223 1025; baseline 0.007 -23"><span class='ocrx_word' id='word_1_51' title='bbox 123 961 216 1022; x_wconf 87' lang='lat' dir='ltr'><strong>quam</strong></span> <span class='ocrx_word' id='word_1_52' title='bbox 231 946 415 1024; x_wconf 74' lang='lat' dir='ltr'><strong>Myonnesus</strong></span> <span class='ocrx_word' id='word_1_53' title='bbox 425 955 456 1006; x_wconf 87' lang='lat' dir='ltr'><strong>et</strong></span> <span class='ocrx_word' id='word_1_54' title='bbox 467 947 580 1025; x_wconf 74' lang='lat' dir='ltr'><strong>piratae,</strong></span> <span class='ocrx_word' id='word_1_55' title='bbox 591 954 753 1006; x_wconf 90' lang='lat' dir='ltr'><strong>consecuta</strong></span> <span class='ocrx_word' id='word_1_56' title='bbox 768 955 839 1004; x_wconf 87' lang='lat' dir='ltr'><strong>erat.</strong></span> <span class='ocrx_word' id='word_1_57' title='bbox 861 944 1013 1024; x_wconf 89' lang='lat' dir='ltr'><strong>Philippus</strong></span> <span class='ocrx_word' id='word_1_58' title='bbox 1027 964 1138 1024; x_wconf 89' lang='lat' dir='ltr'><strong>porroe</strong></span> <span class='ocrx_word' id='word_1_59' title='bbox 1154 947 1223 1011; x_wconf 80' lang='lat' dir='ltr'><strong>Ma·</strong></span> 
     </span>
     <span class='ocr_line' id='line_1_8' title="bbox 122 1034 1222 1120; baseline 0.004 -24"><span class='ocrx_word' id='word_1_60' title='bbox 122 1034 250 1096; x_wconf 83' lang='lat' dir='ltr'><strong>cadonio</strong></span> <span class='ocrx_word' id='word_1_61' title='bbox 267 1057 450 1117; x_wconf 72' lang='lat' dir='ltr'><strong>progressus,</strong></span> <span class='ocrx_word' id='word_1_62' title='bbox 464 1058 523 1097; x_wconf 89' lang='lat' dir='ltr'><strong>non</strong></span> <span class='ocrx_word' id='word_1_63' title='bbox 541 1048 574 1098; x_wconf 90' lang='lat' dir='ltr'><strong>ut</strong></span> <span class='ocrx_word' id='word_1_64' title='bbox 590 1037 733 1097; x_wconf 88' lang='lat' dir='ltr'><strong>hactenus</strong></span> <span class='ocrx_word' id='word_1_65' title='bbox 748 1037 785 1096; x_wconf 91' lang='lat' dir='ltr'><strong>de</strong></span> <span class='ocrx_word' id='word_1_66' title='bbox 805 1037 973 1118; x_wconf 86' lang='lat' dir='ltr'><strong>Amphipoli</strong></span> <span class='ocrx_word' id='word_1_67' title='bbox 993 1039 1147 1098; x_wconf 90' lang='lat' dir='ltr'><strong>nobiscum</strong></span> <span class='ocrx_word' id='word_1_68' title='bbox 1168 1061 1222 1120; x_wconf 89' lang='lat' dir='ltr'><strong>pu·</strong></span> 
     </span>
     <span class='ocr_line' id='line_1_9' title="bbox 124 1129 1222 1210; baseline 0.004 -22"><span class='ocrx_word' id='word_1_69' title='bbox 124 1129 251 1206; x_wconf 61' lang='lat' dir='ltr'><strong>ssnabst:</strong></span> <span class='ocrx_word' id='word_1_70' title='bbox 263 1130 430 1209; x_wconf 88' lang='lat' dir='ltr'><strong>sedjemde</strong></span> <span class='ocrx_word' id='word_1_71' title='bbox 440 1130 551 1190; x_wconf 71' lang='lat' dir='ltr'><strong>lemno</strong></span> <span class='ocrx_word' id='word_1_72' title='bbox 559 1141 589 1190; x_wconf 88' lang='lat' dir='ltr'><strong>et</strong></span> <span class='ocrx_word' id='word_1_73' title='bbox 599 1131 697 1189; x_wconf 86' lang='lat' dir='ltr'><strong>Imbro</strong></span> <span class='ocrx_word' id='word_1_74' title='bbox 707 1139 738 1190; x_wconf 89' lang='lat' dir='ltr'><strong>et</strong></span> <span class='ocrx_word' id='word_1_75' title='bbox 746 1131 848 1210; x_wconf 84' lang='lat' dir='ltr'><strong>Scyro,</strong></span> <span class='ocrx_word' id='word_1_76' title='bbox 857 1133 964 1190; x_wconf 85' lang='lat' dir='ltr'><strong>nostris</strong></span> <span class='ocrx_word' id='word_1_77' title='bbox 974 1133 1222 1210; x_wconf 82' lang='lat' dir='ltr'><strong>possessionibus:</strong></span> 
     </span>
     <span class='ocr_line' id='line_1_10' title="bbox 122 1221 1224 1299; baseline 0.006 -20"><span class='ocrx_word' id='word_1_78' title='bbox 122 1229 157 1280; x_wconf 91' lang='lat' dir='ltr'><strong>et</strong></span> <span class='ocrx_word' id='word_1_79' title='bbox 169 1221 407 1282; x_wconf 79' lang='lat' dir='ltr'><strong>Chersonessum</strong></span> <span class='ocrx_word' id='word_1_80' title='bbox 421 1223 501 1282; x_wconf 84' lang='lat' dir='ltr'><strong>cives</strong></span> <span class='ocrx_word' id='word_1_81' title='bbox 518 1222 612 1282; x_wconf 87' lang='lat' dir='ltr'><strong>nostri</strong></span> <span class='ocrx_word' id='word_1_82' title='bbox 627 1222 813 1292; x_wconf 79' lang='lat' dir='ltr'><strong>deserebant,</strong></span> <span class='ocrx_word' id='word_1_83' title='bbox 826 1241 893 1299; x_wconf 86' lang='lat' dir='ltr'><strong>quse</strong></span> <span class='ocrx_word' id='word_1_84' title='bbox 907 1223 980 1282; x_wconf 86' lang='lat' dir='ltr'><strong>citra</strong></span> <span class='ocrx_word' id='word_1_85' title='bbox 997 1225 1224 1286; x_wconf 84' lang='lat' dir='ltr'><strong>controversiam</strong></span> 
     </span>
     <span class='ocr_line' id='line_1_11' title="bbox 123 1303 1223 1396; baseline 0.005 -24"><span class='ocrx_word' id='word_1_86' title='bbox 123 1323 173 1372; x_wconf 86' lang='lat' dir='ltr'><strong>est</strong></span> <span class='ocrx_word' id='word_1_87' title='bbox 186 1313 423 1396; x_wconf 66' lang='lat' dir='ltr'><strong>Atheniensium.</strong></span> <span class='ocrx_word' id='word_1_88' title='bbox 445 1314 539 1374; x_wconf 87' lang='lat' dir='ltr'><strong>Erant</strong></span> <span class='ocrx_word' id='word_1_89' title='bbox 545 1303 644 1373; x_wconf 79' lang='lat' dir='ltr'><strong>autem</strong></span> <span class='ocrx_word' id='word_1_90' title='bbox 651 1312 752 1392; x_wconf 87' lang='lat' dir='ltr'><strong>plures</strong></span> <span class='ocrx_word' id='word_1_91' title='bbox 762 1315 927 1386; x_wconf 81' lang='lat' dir='ltr'><strong>necessario</strong></span> <span class='ocrx_word' id='word_1_92' title='bbox 941 1314 1058 1374; x_wconf 83' lang='lat' dir='ltr'><strong>indictoe</strong></span> <span class='ocrx_word' id='word_1_93' title='bbox 1068 1307 1223 1377; x_wconf 80' lang='lat' dir='ltr'><strong>conciones</strong></span> 
     </span>
     <span class='ocr_line' id='line_1_12' title="bbox 122 1406 1221 1488; baseline 0.006 -24"><span class='ocrx_word' id='word_1_94' title='bbox 122 1423 194 1464; x_wconf 90' lang='lat' dir='ltr'><strong>cum</strong></span> <span class='ocrx_word' id='word_1_95' title='bbox 206 1406 334 1464; x_wconf 83' lang='lat' dir='ltr'><strong>tumultu</strong></span> <span class='ocrx_word' id='word_1_96' title='bbox 347 1415 378 1464; x_wconf 89' lang='lat' dir='ltr'><strong>et</strong></span> <span class='ocrx_word' id='word_1_97' title='bbox 395 1415 475 1466; x_wconf 89' lang='lat' dir='ltr'><strong>metu</strong></span> <span class='ocrx_word' id='word_1_98' title='bbox 489 1406 644 1478; x_wconf 69' lang='lat' dir='ltr'><strong>habende,</strong></span> <span class='ocrx_word' id='word_1_99' title='bbox 657 1425 746 1486; x_wconf 88' lang='lat' dir='ltr'><strong>quam</strong></span> <span class='ocrx_word' id='word_1_100' title='bbox 759 1416 845 1467; x_wconf 79' lang='lat' dir='ltr'><strong>state</strong></span> <span class='ocrx_word' id='word_1_101' title='bbox 860 1427 895 1466; x_wconf 86' lang='lat' dir='ltr'><strong>ec</strong></span> <span class='ocrx_word' id='word_1_102' title='bbox 909 1407 1059 1484; x_wconf 84' lang='lat' dir='ltr'><strong>legitimae,</strong></span> <span class='ocrx_word' id='word_1_103' title='bbox 1074 1428 1120 1468; x_wconf 90' lang='lat' dir='ltr'><strong>res</strong></span> <span class='ocrx_word' id='word_1_104' title='bbox 1133 1431 1221 1488; x_wconf 89' lang='lat' dir='ltr'><strong>porro</strong></span> 
     </span>
     <span class='ocr_line' id='line_1_13' title="bbox 118 1495 1222 1578; baseline 0.008 -25"><span class='ocrx_word' id='word_1_105' title='bbox 118 1495 163 1554; x_wconf 91' lang='lat' dir='ltr'><strong>ita</strong></span> <span class='ocrx_word' id='word_1_106' title='bbox 181 1495 374 1556; x_wconf 76' lang='lat' dir='ltr'><strong>labefactata.</strong></span> <span class='ocrx_word' id='word_1_107' title='bbox 390 1517 425 1558; x_wconf 91' lang='lat' dir='ltr'><strong>ac</strong></span> <span class='ocrx_word' id='word_1_108' title='bbox 452 1498 625 1576; x_wconf 80' lang='lat' dir='ltr'><strong>periculose</strong></span> <span class='ocrx_word' id='word_1_109' title='bbox 649 1509 742 1572; x_wconf 86' lang='lat' dir='ltr'><strong>erant,</strong></span> <span class='ocrx_word' id='word_1_110' title='bbox 761 1509 796 1558; x_wconf 88' lang='lat' dir='ltr'><strong>ut</strong></span> <span class='ocrx_word' id='word_1_111' title='bbox 819 1498 1005 1578; x_wconf 88' lang='lat' dir='ltr'><strong>Cephisopho</strong></span> <span class='ocrx_word' id='word_1_112' title='bbox 1030 1497 1222 1573; x_wconf 83' lang='lat' dir='ltr'><strong>Poeaniensis,</strong></span> 
     </span>
     <span class='ocr_line' id='line_1_14' title="bbox 122 1585 1222 1668; baseline 0.005 -22"><span class='ocrx_word' id='word_1_113' title='bbox 122 1585 237 1649; x_wconf 87' lang='lat' dir='ltr'><strong>amicus</strong></span> <span class='ocrx_word' id='word_1_114' title='bbox 250 1588 444 1649; x_wconf 77' lang='lat' dir='ltr'><strong>etfamiliaris</strong></span> <span class='ocrx_word' id='word_1_115' title='bbox 458 1589 605 1662; x_wconf 86' lang='lat' dir='ltr'><strong>Charetis,</strong></span> <span class='ocrx_word' id='word_1_116' title='bbox 624 1589 776 1650; x_wconf 90' lang='lat' dir='ltr'><strong>decretum</strong></span> <span class='ocrx_word' id='word_1_117' title='bbox 789 1591 916 1650; x_wconf 88' lang='lat' dir='ltr'><strong>scribere</strong></span> <span class='ocrx_word' id='word_1_118' title='bbox 929 1601 1093 1668; x_wconf 86' lang='lat' dir='ltr'><strong>cogeretur,</strong></span> <span class='ocrx_word' id='word_1_119' title='bbox 1114 1601 1148 1650; x_wconf 89' lang='lat' dir='ltr'><strong>ut</strong></span> <span class='ocrx_word' id='word_1_120' title='bbox 1160 1593 1222 1652; x_wconf 88' lang='lat' dir='ltr'><strong>Au-</strong></span> 
     </span>
     <span class='ocr_line' id='line_1_15' title="bbox 106 1675 1223 1760; baseline 0.006 -25"><span class='ocrx_word' id='word_1_121' title='bbox 106 1675 240 1758; x_wconf 29' lang='lat' dir='ltr'><strong>,dachus</strong></span> <span class='ocrx_word' id='word_1_122' title='bbox 252 1677 387 1736; x_wconf 77' lang='lat' dir='ltr'><strong>actuariis</strong></span> <span class='ocrx_word' id='word_1_123' title='bbox 401 1678 523 1757; x_wconf 79' lang='lat' dir='ltr'><strong>navigiis</strong></span> <span class='ocrx_word' id='word_1_124' title='bbox 535 1680 705 1758; x_wconf 81' lang='lat' dir='ltr'><strong>prrefectus,</strong></span> <span class='ocrx_word' id='word_1_125' title='bbox 715 1699 804 1756; x_wconf 84' lang='lat' dir='ltr'><strong>quam</strong></span> <span class='ocrx_word' id='word_1_126' title='bbox 816 1681 939 1759; x_wconf 88' lang='lat' dir='ltr'><strong>primum</strong></span> <span class='ocrx_word' id='word_1_127' title='bbox 950 1680 1085 1752; x_wconf 81' lang='lat' dir='ltr'><strong>solveret,</strong></span> <span class='ocrx_word' id='word_1_128' title='bbox 1102 1681 1223 1760; x_wconf 84' lang='lat' dir='ltr'><strong>impera-</strong></span> 
     </span>
     <span class='ocr_line' id='line_1_16' title="bbox 123 1768 1223 1846; baseline 0.006 -19"><span class='ocrx_word' id='word_1_129' title='bbox 123 1777 218 1828; x_wconf 84' lang='lat' dir='ltr'><strong>torem</strong></span> <span class='ocrx_word' id='word_1_130' title='bbox 238 1768 404 1846; x_wconf 84' lang='lat' dir='ltr'><strong>quaesitum,</strong></span> <span class='ocrx_word' id='word_1_131' title='bbox 417 1771 466 1828; x_wconf 90' lang='lat' dir='ltr'><strong>cui</strong></span> <span class='ocrx_word' id='word_1_132' title='bbox 480 1771 653 1829; x_wconf 87' lang='lat' dir='ltr'><strong>commissus</strong></span> <span class='ocrx_word' id='word_1_133' title='bbox 673 1781 753 1829; x_wconf 89' lang='lat' dir='ltr'><strong>esset</strong></span> <span class='ocrx_word' id='word_1_134' title='bbox 766 1771 921 1830; x_wconf 86' lang='lat' dir='ltr'><strong>exercitus.</strong></span> <span class='ocrx_word' id='word_1_135' title='bbox 962 1772 1052 1836; x_wconf 87' lang='lat' dir='ltr'><strong>Quod</strong></span> <span class='ocrx_word' id='word_1_136' title='bbox 1067 1773 1091 1831; x_wconf 90' lang='lat' dir='ltr'><strong>si</strong></span> <span class='ocrx_word' id='word_1_137' title='bbox 1110 1773 1141 1831; x_wconf 89' lang='lat' dir='ltr'><strong>in</strong></span> <span class='ocrx_word' id='word_1_138' title='bbox 1154 1794 1223 1834; x_wconf 91' lang='lat' dir='ltr'><strong>eum</strong></span> 
     </span>
    </p>
   </div>
   <div class='ocr_carea' id='block_1_5' title="bbox 20 1858 1285 1943">
    <p class='ocr_par' dir='ltr' id='par_1_5' title="bbox 20 1858 1285 1943">
     <span class='ocr_line' id='line_1_17' title="bbox 20 1858 1285 1943; baseline 0.012 -33"><span class='ocrx_word' id='word_1_139' title='bbox 20 1905 21 1910; x_wconf 73' lang='grc'>,</span> <span class='ocrx_word' id='word_1_140' title='bbox 123 1858 296 1918; x_wconf 89' lang='lat' dir='ltr'><strong>incidisset:</strong></span> <span class='ocrx_word' id='word_1_141' title='bbox 319 1859 348 1917; x_wconf 92' lang='lat' dir='ltr'><strong>ei</strong></span> <span class='ocrx_word' id='word_1_142' title='bbox 371 1870 509 1932; x_wconf 87' lang='lat' dir='ltr'><strong>narraret,</strong></span> <span class='ocrx_word' id='word_1_143' title='bbox 532 1861 631 1920; x_wconf 90' lang='lat' dir='ltr'><strong>mirari</strong></span> <span class='ocrx_word' id='word_1_144' title='bbox 653 1860 794 1938; x_wconf 88' lang='lat' dir='ltr'><strong>populum</strong></span> <span class='ocrx_word' id='word_1_145' title='bbox 814 1861 1035 1933; x_wconf 84' lang='lat' dir='ltr'><strong>Atheniensem,</strong></span> <span class='ocrx_word' id='word_1_146' title='bbox 1055 1861 1223 1943; x_wconf 89' lang='lat' dir='ltr'><strong>Philippum</strong></span> <span class='ocrx_word' id='word_1_147' title='bbox 1280 1887 1285 1897; x_wconf 57' lang='lat'><em>¹</em></span> 
     </span>
    </p>
   </div>
   <div class='ocr_carea' id='block_1_6' title="bbox 121 1950 1226 2306">
    <p class='ocr_par' dir='ltr' id='par_1_6' title="bbox 121 1950 1226 2306">
     <span class='ocr_line' id='line_1_18' title="bbox 124 1950 1221 2028; baseline 0.005 -17"><span class='ocrx_word' id='word_1_148' title='bbox 124 1950 370 2022; x_wconf 76' lang='lat' dir='ltr'><strong>Chersonessum,</strong></span> <span class='ocrx_word' id='word_1_149' title='bbox 385 1970 452 2028; x_wconf 78' lang='lat' dir='ltr'><strong>quse</strong></span> <span class='ocrx_word' id='word_1_150' title='bbox 470 1951 509 2010; x_wconf 93' lang='lat' dir='ltr'><strong>sit</strong></span> <span class='ocrx_word' id='word_1_151' title='bbox 522 1951 761 2024; x_wconf 83' lang='lat' dir='ltr'><strong>Atheniensium,</strong></span> <span class='ocrx_word' id='word_1_152' title='bbox 779 1950 933 2011; x_wconf 86' lang='lat' dir='ltr'><strong>invadere:</strong></span> <span class='ocrx_word' id='word_1_153' title='bbox 955 1951 1153 2014; x_wconf 84' lang='lat' dir='ltr'><strong>Athenienses</strong></span> <span class='ocrx_word' id='word_1_154' title='bbox 1168 1977 1221 2016; x_wconf 91' lang='lat' dir='ltr'><strong>au·</strong></span> 
     </span>
     <span class='ocr_line' id='line_1_19' title="bbox 124 2042 1222 2121; baseline 0.007 -17"><span class='ocrx_word' id='word_1_155' title='bbox 124 2052 185 2104; x_wconf 84' lang='lat' dir='ltr'><strong>tem</strong></span> <span class='ocrx_word' id='word_1_156' title='bbox 200 2043 323 2114; x_wconf 87' lang='lat' dir='ltr'><strong>nescire,</strong></span> <span class='ocrx_word' id='word_1_157' title='bbox 337 2062 392 2102; x_wconf 88' lang='lat' dir='ltr'><strong>nec</strong></span> <span class='ocrx_word' id='word_1_158' title='bbox 405 2042 465 2102; x_wconf 90' lang='lat' dir='ltr'><strong>dux</strong></span> <span class='ocrx_word' id='word_1_159' title='bbox 477 2061 535 2102; x_wconf 88' lang='lat' dir='ltr'><strong>nec</strong></span> <span class='ocrx_word' id='word_1_160' title='bbox 548 2043 642 2121; x_wconf 81' lang='lat' dir='ltr'><strong>copias</strong></span> <span class='ocrx_word' id='word_1_161' title='bbox 660 2062 734 2119; x_wconf 82' lang='lat' dir='ltr'><strong>qnos</strong></span> <span class='ocrx_word' id='word_1_162' title='bbox 749 2043 889 2113; x_wconf 88' lang='lat' dir='ltr'><strong>miserint,</strong></span> <span class='ocrx_word' id='word_1_163' title='bbox 904 2043 953 2102; x_wconf 91' lang='lat' dir='ltr'><strong>ubi</strong></span> <span class='ocrx_word' id='word_1_164' title='bbox 968 2045 1047 2105; x_wconf 77' lang='lat' dir='ltr'><strong>sinti</strong></span> <span class='ocrx_word' id='word_1_165' title='bbox 1068 2047 1111 2106; x_wconf 88' lang='lat' dir='ltr'><strong>Ut</strong></span> <span class='ocrx_word' id='word_1_166' title='bbox 1124 2058 1222 2112; x_wconf 74' lang='lat' dir='ltr'><strong>autam</strong></span> 
     </span>
     <span class='ocr_line' id='line_1_20' title="bbox 122 2134 1226 2214; baseline 0.005 -20"><span class='ocrx_word' id='word_1_167' title='bbox 122 2153 194 2194; x_wconf 84' lang='lat' dir='ltr'><strong>sera</strong></span> <span class='ocrx_word' id='word_1_168' title='bbox 206 2155 254 2195; x_wconf 87' lang='lat' dir='ltr'><strong>me</strong></span> <span class='ocrx_word' id='word_1_169' title='bbox 268 2135 355 2213; x_wconf 60' lang='lat' dir='ltr'><strong>loqui,</strong></span> <span class='ocrx_word' id='word_1_170' title='bbox 373 2135 563 2214; x_wconf 81' lang='lat' dir='ltr'><strong>intelligatis:</strong></span> <span class='ocrx_word' id='word_1_171' title='bbox 584 2134 735 2193; x_wconf 89' lang='lat' dir='ltr'><strong>decretum</strong></span> <span class='ocrx_word' id='word_1_172' title='bbox 758 2135 856 2196; x_wconf 86' lang='lat' dir='ltr'><strong>audite</strong></span> <span class='ocrx_word' id='word_1_173' title='bbox 878 2147 910 2196; x_wconf 89' lang='lat' dir='ltr'><strong>et</strong></span> <span class='ocrx_word' id='word_1_174' title='bbox 932 2137 1004 2197; x_wconf 89' lang='lat' dir='ltr'><strong>belli</strong></span> <span class='ocrx_word' id='word_1_175' title='bbox 1032 2139 1226 2202; x_wconf 88' lang='lat' dir='ltr'><strong>recordamini</strong></span> 
     </span>
     <span class='ocr_line' id='line_1_21' title="bbox 121 2221 941 2306; baseline 0.001 -22"><span class='ocrx_word' id='word_1_176' title='bbox 121 2235 155 2286; x_wconf 91' lang='lat' dir='ltr'><strong>et</strong></span> <span class='ocrx_word' id='word_1_177' title='bbox 165 2245 272 2304; x_wconf 83' lang='lat' dir='ltr'><strong>pacem</strong></span> <span class='ocrx_word' id='word_1_178' title='bbox 285 2245 304 2286; x_wconf 92' lang='lat' dir='ltr'><strong>a</strong></span> <span class='ocrx_word' id='word_1_179' title='bbox 317 2221 389 2286; x_wconf 86' lang='lat' dir='ltr'><strong>belli</strong></span> <span class='ocrx_word' id='word_1_180' title='bbox 402 2226 537 2300; x_wconf 88' lang='lat' dir='ltr'><strong>ducibus,</strong></span> <span class='ocrx_word' id='word_1_181' title='bbox 549 2243 610 2284; x_wconf 90' lang='lat' dir='ltr'><strong>nou</strong></span> <span class='ocrx_word' id='word_1_182' title='bbox 624 2244 643 2285; x_wconf 90' lang='lat' dir='ltr'><strong>a</strong></span> <span class='ocrx_word' id='word_1_183' title='bbox 656 2224 765 2303; x_wconf 76' lang='lat' dir='ltr'><strong>legatis</strong></span> <span class='ocrx_word' id='word_1_184' title='bbox 780 2225 941 2306; x_wconf 82' lang='lat' dir='ltr'><strong>repetitnte.</strong></span> 
     </span>
    </p>
   </div>
   <div class='ocr_carea' id='block_1_7' title="bbox 226 2445 1096 2512">
    <p class='ocr_par' dir='ltr' id='par_1_7' title="bbox 226 2445 1096 2512">
     <span class='ocr_line' id='line_1_22' title="bbox 226 2445 1096 2512; baseline 0.005 -5"><span class='ocrx_word' id='word_1_185' title='bbox 226 2445 458 2510; x_wconf 69' lang='lat' dir='ltr'><strong>Decumum</strong></span> <span class='ocrx_word' id='word_1_186' title='bbox 483 2449 510 2507; x_wconf 89' lang='lat' dir='ltr'><strong>A</strong></span> <span class='ocrx_word' id='word_1_187' title='bbox 535 2446 892 2511; x_wconf 80' lang='lat' dir='ltr'><strong>CEPHISOPHONTE</strong></span> <span class='ocrx_word' id='word_1_188' title='bbox 915 2449 1096 2512; x_wconf 82' lang='lat' dir='ltr'><strong>FAC&#39;PUM.</strong></span> 
     </span>
    </p>
   </div>
   <div class='ocr_carea' id='block_1_8' title="bbox 118 2601 1222 3045">
    <p class='ocr_par' dir='ltr' id='par_1_8' title="bbox 118 2601 1222 3045">
     <span class='ocr_line' id='line_1_23' title="bbox 119 2601 1222 2684; baseline 0.005 -22"><span class='ocrx_word' id='word_1_189' title='bbox 119 2601 168 2662; x_wconf 89' lang='lat' dir='ltr'><strong>Ac</strong></span> <span class='ocrx_word' id='word_1_190' title='bbox 186 2609 320 2680; x_wconf 89' lang='lat' dir='ltr'><strong>tempora</strong></span> <span class='ocrx_word' id='word_1_191' title='bbox 332 2601 451 2680; x_wconf 87' lang='lat' dir='ltr'><strong>quidem</strong></span> <span class='ocrx_word' id='word_1_192' title='bbox 464 2601 600 2675; x_wconf 79' lang='lat' dir='ltr'><strong>civitatis,</strong></span> <span class='ocrx_word' id='word_1_193' title='bbox 613 2603 719 2680; x_wconf 87' lang='lat' dir='ltr'><strong>quibus</strong></span> <span class='ocrx_word' id='word_1_194' title='bbox 741 2603 780 2663; x_wconf 89' lang='lat' dir='ltr'><strong>de</strong></span> <span class='ocrx_word' id='word_1_195' title='bbox 799 2623 873 2684; x_wconf 88' lang='lat' dir='ltr'><strong>pace</strong></span> <span class='ocrx_word' id='word_1_196' title='bbox 891 2605 980 2664; x_wconf 85' lang='lat' dir='ltr'><strong>verba</strong></span> <span class='ocrx_word' id='word_1_197' title='bbox 999 2605 1119 2678; x_wconf 84' lang='lat' dir='ltr'><strong>fiebant,</strong></span> <span class='ocrx_word' id='word_1_198' title='bbox 1139 2617 1222 2668; x_wconf 89' lang='lat' dir='ltr'><strong>erant</strong></span> 
     </span>
     <span class='ocr_line' id='line_1_24' title="bbox 118 2693 1220 2774; baseline 0.001 -22"><span class='ocrx_word' id='word_1_199' title='bbox 118 2693 300 2772; x_wconf 88' lang='lat' dir='ltr'><strong>hujusmodi.</strong></span> <span class='ocrx_word' id='word_1_200' title='bbox 321 2694 462 2754; x_wconf 77' lang='lat' dir='ltr'><strong>Oratores</strong></span> <span class='ocrx_word' id='word_1_201' title='bbox 484 2704 582 2754; x_wconf 89' lang='lat' dir='ltr'><strong>sutem</strong></span> <span class='ocrx_word' id='word_1_202' title='bbox 595 2694 643 2753; x_wconf 91' lang='lat' dir='ltr'><strong>isti</strong></span> <span class='ocrx_word' id='word_1_203' title='bbox 656 2694 783 2766; x_wconf 84' lang='lat' dir='ltr'><strong>factiosi,</strong></span> <span class='ocrx_word' id='word_1_204' title='bbox 805 2713 871 2754; x_wconf 90' lang='lat' dir='ltr'><strong>cnm</strong></span> <span class='ocrx_word' id='word_1_205' title='bbox 893 2695 932 2753; x_wconf 88' lang='lat' dir='ltr'><strong>ad</strong></span> <span class='ocrx_word' id='word_1_206' title='bbox 945 2693 1220 2774; x_wconf 78' lang='lat' dir='ltr'><strong>dicendum&#39;snrge-</strong></span> 
     </span>
     <span class='ocr_line' id='line_1_25' title="bbox 120 2783 1222 2863; baseline 0.002 -19"><span class='ocrx_word' id='word_1_207' title='bbox 120 2787 205 2858; x_wconf 85' lang='lat' dir='ltr'><strong>bant,</strong></span> <span class='ocrx_word' id='word_1_208' title='bbox 224 2783 263 2844; x_wconf 93' lang='lat' dir='ltr'><strong>de</strong></span> <span class='ocrx_word' id='word_1_209' title='bbox 275 2785 402 2846; x_wconf 81' lang='lat' dir='ltr'><strong>civitatis</strong></span> <span class='ocrx_word' id='word_1_210' title='bbox 419 2783 538 2863; x_wconf 87' lang='lat' dir='ltr'><strong>quidem</strong></span> <span class='ocrx_word' id='word_1_211' title='bbox 551 2786 755 2845; x_wconf 86' lang='lat' dir='ltr'><strong>incolumitate</strong></span> <span class='ocrx_word' id='word_1_212' title='bbox 769 2785 841 2844; x_wconf 88' lang='lat' dir='ltr'><strong>nibil</strong></span> <span class='ocrx_word' id='word_1_213' title='bbox 858 2783 888 2843; x_wconf 91' lang='lat' dir='ltr'><strong>in</strong></span> <span class='ocrx_word' id='word_1_214' title='bbox 909 2784 1037 2844; x_wconf 86' lang='lat' dir='ltr'><strong>medium</strong></span> <span class='ocrx_word' id='word_1_215' title='bbox 1052 2785 1222 2860; x_wconf 84' lang='lat' dir='ltr'><strong>afferebant,</strong></span> 
     </span>
     <span class='ocr_line' id='line_1_26' title="bbox 121 2873 1221 2954; baseline -0.004 -16"><span class='ocrx_word' id='word_1_216' title='bbox 121 2876 179 2938; x_wconf 81' lang='lat' dir='ltr'><strong>sed</strong></span> <span class='ocrx_word' id='word_1_217' title='bbox 190 2895 243 2935; x_wconf 83' lang='lat' dir='ltr'><strong>ros</strong></span> <span class='ocrx_word' id='word_1_218' title='bbox 254 2877 330 2934; x_wconf 71' lang='lat' dir='ltr'><strong>artis</strong></span> <span class='ocrx_word' id='word_1_219' title='bbox 344 2876 522 2935; x_wconf 88' lang='lat' dir='ltr'><strong>vestibulum</strong></span> <span class='ocrx_word' id='word_1_220' title='bbox 531 2875 638 2933; x_wconf 89' lang='lat' dir='ltr'><strong>intueri</strong></span> <span class='ocrx_word' id='word_1_221' title='bbox 641 2876 798 2953; x_wconf 80' lang='lat' dir='ltr'><strong>jubebant,</strong></span> <span class='ocrx_word' id='word_1_222' title='bbox 814 2884 845 2931; x_wconf 88' lang='lat' dir='ltr'><strong>et</strong></span> <span class='ocrx_word' id='word_1_223' title='bbox 856 2873 1022 2933; x_wconf 71' lang='lat' dir='ltr'><strong>Salaminiae</strong></span> <span class='ocrx_word' id='word_1_224' title='bbox 1031 2894 1139 2954; x_wconf 75' lang='lat' dir='ltr'><strong>pugnes</strong></span> <span class='ocrx_word' id='word_1_225' title='bbox 1149 2894 1221 2936; x_wconf 90' lang='lat' dir='ltr'><strong>con·</strong></span> 
     </span>
     <span class='ocr_line' id='line_1_27' title="bbox 123 2965 1221 3045; baseline 0.001 -16"><span class='ocrx_word' id='word_1_226' title='bbox 123 2978 171 3029; x_wconf 87' lang='lat' dir='ltr'><strong>tra</strong></span> <span class='ocrx_word' id='word_1_227' title='bbox 186 2968 305 3040; x_wconf 86' lang='lat' dir='ltr'><strong>Persas,</strong></span> <span class='ocrx_word' id='word_1_228' title='bbox 319 2977 351 3026; x_wconf 92' lang='lat' dir='ltr'><strong>et</strong></span> <span class='ocrx_word' id='word_1_229' title='bbox 363 2965 563 3045; x_wconf 89' lang='lat' dir='ltr'><strong>sepulcrorum</strong></span> <span class='ocrx_word' id='word_1_230' title='bbox 576 2975 608 3024; x_wconf 89' lang='lat' dir='ltr'><strong>et</strong></span> <span class='ocrx_word' id='word_1_231' title='bbox 620 2965 764 3044; x_wconf 82' lang='lat' dir='ltr'><strong>majorum</strong></span> <span class='ocrx_word' id='word_1_232' title='bbox 778 2974 944 3024; x_wconf 88' lang='lat' dir='ltr'><strong>nostrorum</strong></span> <span class='ocrx_word' id='word_1_233' title='bbox 964 2975 994 3024; x_wconf 91' lang='lat' dir='ltr'><strong>et</strong></span> <span class='ocrx_word' id='word_1_234' title='bbox 1010 2965 1221 3044; x_wconf 81' lang='lat' dir='ltr'><strong>triumphorum</strong></span> 
     </span>
    </p>
   </div>
   <div class='ocr_carea' id='block_1_9' title="bbox 34 3054 1312 4588">
    <p class='ocr_par' dir='ltr' id='par_1_9' title="bbox 34 3054 1312 4588">
     <span class='ocr_line' id='line_1_28' title="bbox 122 3054 1222 3136; baseline -0.002 -16"><span class='ocrx_word' id='word_1_235' title='bbox 122 3061 300 3120; x_wconf 84' lang='lat' dir='ltr'><strong>meminisse.</strong></span> <span class='ocrx_word' id='word_1_236' title='bbox 344 3058 410 3136; x_wconf 71' lang='lat' dir='ltr'><strong>Ego</strong></span> <span class='ocrx_word' id='word_1_237' title='bbox 423 3075 492 3117; x_wconf 84' lang='lat' dir='ltr'><strong>sero</strong></span> <span class='ocrx_word' id='word_1_238' title='bbox 506 3057 611 3115; x_wconf 87' lang='lat' dir='ltr'><strong>horum</strong></span> <span class='ocrx_word' id='word_1_239' title='bbox 624 3075 696 3116; x_wconf 87' lang='lat' dir='ltr'><strong>sane</strong></span> <span class='ocrx_word' id='word_1_240' title='bbox 708 3056 839 3115; x_wconf 86' lang='lat' dir='ltr'><strong>omnium</strong></span> <span class='ocrx_word' id='word_1_241' title='bbox 857 3054 1070 3118; x_wconf 87' lang='lat' dir='ltr'><strong>recordandum</strong></span> <span class='ocrx_word' id='word_1_242' title='bbox 1089 3076 1154 3118; x_wconf 89' lang='lat' dir='ltr'><strong>esse</strong></span> <span class='ocrx_word' id='word_1_243' title='bbox 1176 3059 1222 3118; x_wconf 88' lang='lat' dir='ltr'><strong>di·</strong></span> 
     </span>
     <span class='ocr_line' id='line_1_29' title="bbox 120 3146 1222 3228; baseline -0.003 -15"><span class='ocrx_word' id='word_1_244' title='bbox 120 3153 235 3222; x_wconf 87' lang='lat' dir='ltr'><strong>cebam,</strong></span> <span class='ocrx_word' id='word_1_245' title='bbox 253 3149 308 3210; x_wconf 90' lang='lat' dir='ltr'><strong>sed</strong></span> <span class='ocrx_word' id='word_1_246' title='bbox 329 3158 427 3208; x_wconf 90' lang='lat' dir='ltr'><strong>tamen</strong></span> <span class='ocrx_word' id='word_1_247' title='bbox 446 3147 632 3228; x_wconf 82' lang='lat' dir='ltr'><strong>prudentiam</strong></span> <span class='ocrx_word' id='word_1_248' title='bbox 649 3146 792 3226; x_wconf 84' lang='lat' dir='ltr'><strong>majorum</strong></span> <span class='ocrx_word' id='word_1_249' title='bbox 812 3161 877 3207; x_wconf 85' lang='lat' dir='ltr'><strong>esse</strong></span> <span class='ocrx_word' id='word_1_250' title='bbox 897 3147 1074 3222; x_wconf 86' lang='lat' dir='ltr'><strong>imitandam,</strong></span> <span class='ocrx_word' id='word_1_251' title='bbox 1098 3161 1222 3228; x_wconf 86' lang='lat' dir='ltr'><strong>peccata</strong></span> 
     </span>
     <span class='ocr_line' id='line_1_30' title="bbox 120 3233 1222 3320; baseline -0.002 -16"><span class='ocrx_word' id='word_1_252' title='bbox 120 3262 192 3304; x_wconf 81' lang='lat' dir='ltr'><strong>vero</strong></span> <span class='ocrx_word' id='word_1_253' title='bbox 213 3251 245 3302; x_wconf 90' lang='lat' dir='ltr'><strong>et</strong></span> <span class='ocrx_word' id='word_1_254' title='bbox 263 3233 494 3320; x_wconf 78' lang='lat' dir='ltr'><strong>intempestivam</strong></span> <span class='ocrx_word' id='word_1_255' title='bbox 513 3240 730 3300; x_wconf 85' lang='lat' dir='ltr'><strong>contentionem</strong></span> <span class='ocrx_word' id='word_1_256' title='bbox 750 3237 911 3309; x_wconf 85' lang='lat' dir='ltr'><strong>sitandam,</strong></span> <span class='ocrx_word' id='word_1_257' title='bbox 933 3239 1069 3318; x_wconf 87' lang='lat' dir='ltr'><strong>pedestre</strong></span> <span class='ocrx_word' id='word_1_258' title='bbox 1088 3241 1222 3319; x_wconf 73' lang='lat' dir='ltr'><strong>pralium</strong></span> 
     </span>
     <span class='ocr_line' id='line_1_31' title="bbox 124 3330 1221 3404; baseline -0.001 -9"><span class='ocrx_word' id='word_1_259' title='bbox 124 3335 164 3396; x_wconf 90' lang='lat' dir='ltr'><strong>sd</strong></span> <span class='ocrx_word' id='word_1_260' title='bbox 176 3335 306 3395; x_wconf 76' lang='lat' dir='ltr'><strong>Platoeas</strong></span> <span class='ocrx_word' id='word_1_261' title='bbox 327 3343 431 3394; x_wconf 71' lang='lat' dir='ltr'><strong>conus</strong></span> <span class='ocrx_word' id='word_1_262' title='bbox 448 3331 565 3404; x_wconf 86' lang='lat' dir='ltr'><strong>Persas,</strong></span> <span class='ocrx_word' id='word_1_263' title='bbox 585 3342 617 3391; x_wconf 91' lang='lat' dir='ltr'><strong>et</strong></span> <span class='ocrx_word' id='word_1_264' title='bbox 635 3330 839 3390; x_wconf 88' lang='lat' dir='ltr'><strong>contentiones</strong></span> <span class='ocrx_word' id='word_1_265' title='bbox 853 3330 893 3389; x_wconf 95' lang='lat' dir='ltr'><strong>de</strong></span> <span class='ocrx_word' id='word_1_266' title='bbox 906 3330 1062 3402; x_wconf 88' lang='lat' dir='ltr'><strong>Salamine,</strong></span> <span class='ocrx_word' id='word_1_267' title='bbox 1075 3342 1106 3391; x_wconf 90' lang='lat' dir='ltr'><strong>et</strong></span> <span class='ocrx_word' id='word_1_268' title='bbox 1120 3332 1221 3394; x_wconf 87' lang='lat' dir='ltr'><strong>Mara·</strong></span> 
     </span>
     <span class='ocr_line' id='line_1_32' title="bbox 125 3421 1221 3508; baseline -0.002 -20"><span class='ocrx_word' id='word_1_269' title='bbox 125 3428 258 3488; x_wconf 85' lang='lat' dir='ltr'><strong>thuniam</strong></span> <span class='ocrx_word' id='word_1_270' title='bbox 276 3444 417 3508; x_wconf 72' lang='lat' dir='ltr'><strong>pugnam,</strong></span> <span class='ocrx_word' id='word_1_271' title='bbox 439 3435 470 3484; x_wconf 91' lang='lat' dir='ltr'><strong>et</strong></span> <span class='ocrx_word' id='word_1_272' title='bbox 493 3423 598 3484; x_wconf 85' lang='lat' dir='ltr'><strong>navale</strong></span> <span class='ocrx_word' id='word_1_273' title='bbox 612 3423 746 3502; x_wconf 75' lang='lat' dir='ltr'><strong>pralium</strong></span> <span class='ocrx_word' id='word_1_274' title='bbox 769 3423 808 3482; x_wconf 89' lang='lat' dir='ltr'><strong>ad</strong></span> <span class='ocrx_word' id='word_1_275' title='bbox 824 3421 1023 3494; x_wconf 86' lang='lat' dir='ltr'><strong>Artemisium,</strong></span> <span class='ocrx_word' id='word_1_276' title='bbox 1037 3432 1068 3481; x_wconf 91' lang='lat' dir='ltr'><strong>et</strong></span> <span class='ocrx_word' id='word_1_277' title='bbox 1080 3423 1221 3486; x_wconf 74' lang='lat' dir='ltr'><strong>&#39;l’olmidm</strong></span> 
     </span>
     <span class='ocr_line' id='line_1_33' title="bbox 122 3512 1219 3600; baseline -0.005 -20"><span class='ocrx_word' id='word_1_278' title='bbox 122 3520 275 3600; x_wconf 87' lang='lat' dir='ltr'><strong>imperium</strong></span> <span class='ocrx_word' id='word_1_279' title='bbox 291 3519 432 3600; x_wconf 83' lang='lat' dir='ltr'><strong>jubebam</strong></span> <span class='ocrx_word' id='word_1_280' title='bbox 453 3515 569 3587; x_wconf 90' lang='lat' dir='ltr'><strong>imitari,</strong></span> <span class='ocrx_word' id='word_1_281' title='bbox 590 3515 641 3593; x_wconf 89' lang='lat' dir='ltr'><strong>qui</strong></span> <span class='ocrx_word' id='word_1_282' title='bbox 663 3533 731 3574; x_wconf 91' lang='lat' dir='ltr'><strong>cum</strong></span> <span class='ocrx_word' id='word_1_283' title='bbox 754 3513 876 3575; x_wconf 88' lang='lat' dir='ltr'><strong>heberet</strong></span> <span class='ocrx_word' id='word_1_284' title='bbox 889 3513 966 3572; x_wconf 91' lang='lat' dir='ltr'><strong>mille</strong></span> <span class='ocrx_word' id='word_1_285' title='bbox 979 3512 1109 3572; x_wconf 88' lang='lat' dir='ltr'><strong>delectos</strong></span> <span class='ocrx_word' id='word_1_286' title='bbox 1127 3513 1219 3575; x_wconf 86' lang='lat' dir='ltr'><strong>Athe-</strong></span> 
     </span>
     <span class='ocr_line' id='line_1_34' title="bbox 120 3603 1221 3684; baseline -0.006 -12"><span class='ocrx_word' id='word_1_287' title='bbox 120 3613 252 3684; x_wconf 88' lang='lat' dir='ltr'><strong>nienses,</strong></span> <span class='ocrx_word' id='word_1_288' title='bbox 270 3609 385 3670; x_wconf 81' lang='lat' dir='ltr'><strong>infestis</strong></span> <span class='ocrx_word' id='word_1_289' title='bbox 407 3607 494 3668; x_wconf 90' lang='lat' dir='ltr'><strong>armis</strong></span> <span class='ocrx_word' id='word_1_290' title='bbox 514 3624 617 3666; x_wconf 87' lang='lat' dir='ltr'><strong>secure</strong></span> <span class='ocrx_word' id='word_1_291' title='bbox 634 3624 687 3684; x_wconf 90' lang='lat' dir='ltr'><strong>per</strong></span> <span class='ocrx_word' id='word_1_292' title='bbox 709 3605 835 3666; x_wconf 88' lang='lat' dir='ltr'><strong>mediam</strong></span> <span class='ocrx_word' id='word_1_293' title='bbox 858 3603 1092 3682; x_wconf 86' lang='lat' dir='ltr'><strong>Peloponnesum</strong></span> <span class='ocrx_word' id='word_1_294' title='bbox 1118 3623 1221 3684; x_wconf 84' lang='lat' dir='ltr'><strong>perra-</strong></span> 
     </span>
     <span class='ocr_line' id='line_1_35' title="bbox 120 3695 1312 3782; baseline -0.008 -19"><span class='ocrx_word' id='word_1_295' title='bbox 120 3704 217 3777; x_wconf 85' lang='lat' dir='ltr'><strong>sissct,</strong></span> <span class='ocrx_word' id='word_1_296' title='bbox 237 3701 454 3782; x_wconf 84' lang='lat' dir='ltr'><strong>expeditionem</strong></span> <span class='ocrx_word' id='word_1_297' title='bbox 467 3708 566 3760; x_wconf 89' lang='lat' dir='ltr'><strong>autem</strong></span> <span class='ocrx_word' id='word_1_298' title='bbox 586 3697 770 3759; x_wconf 87' lang='lat' dir='ltr'><strong>Siciliensem</strong></span> <span class='ocrx_word' id='word_1_299' title='bbox 783 3695 945 3758; x_wconf 86' lang='lat' dir='ltr'><strong>cavendam</strong></span> <span class='ocrx_word' id='word_1_300' title='bbox 958 3714 1034 3767; x_wconf 89' lang='lat' dir='ltr'><strong>esse,</strong></span> <span class='ocrx_word' id='word_1_301' title='bbox 1050 3713 1110 3773; x_wconf 89' lang='lat' dir='ltr'><strong>qua</strong></span> <span class='ocrx_word' id='word_1_302' title='bbox 1125 3695 1219 3758; x_wconf 87' lang='lat' dir='ltr'><strong>Leon·</strong></span> <span class='ocrx_word' id='word_1_303' title='bbox 1307 3743 1312 3754; x_wconf 36' lang='lat' dir='ltr'><strong>r</strong></span> 
     </span>
     <span class='ocr_line' id='line_1_36' title="bbox 122 3785 1218 3866; baseline -0.006 -11"><span class='ocrx_word' id='word_1_304' title='bbox 122 3794 191 3854; x_wconf 82' lang='lat' dir='ltr'><strong>sinis</strong></span> <span class='ocrx_word' id='word_1_305' title='bbox 203 3793 314 3855; x_wconf 83' lang='lat' dir='ltr'><strong>anxilio</strong></span> <span class='ocrx_word' id='word_1_306' title='bbox 327 3793 483 3864; x_wconf 88' lang='lat' dir='ltr'><strong>misissent,</strong></span> <span class='ocrx_word' id='word_1_307' title='bbox 497 3809 566 3850; x_wconf 90' lang='lat' dir='ltr'><strong>cnm</strong></span> <span class='ocrx_word' id='word_1_308' title='bbox 579 3788 680 3850; x_wconf 90' lang='lat' dir='ltr'><strong>hostes</strong></span> <span class='ocrx_word' id='word_1_309' title='bbox 699 3791 730 3850; x_wconf 91' lang='lat' dir='ltr'><strong>in</strong></span> <span class='ocrx_word' id='word_1_310' title='bbox 747 3797 881 3850; x_wconf 82' lang='lat' dir='ltr'><strong>nostrum</strong></span> <span class='ocrx_word' id='word_1_311' title='bbox 898 3803 1002 3864; x_wconf 62' lang='lat' dir='ltr'><strong>mm</strong></span> <span class='ocrx_word' id='word_1_312' title='bbox 1014 3785 1155 3866; x_wconf 87' lang='lat' dir='ltr'><strong>impetum</strong></span> <span class='ocrx_word' id='word_1_313' title='bbox 1176 3789 1218 3848; x_wconf 80' lang='lat' dir='ltr'><strong>ie·</strong></span> 
     </span>
     <span class='ocr_line' id='line_1_37' title="bbox 119 3875 1217 3970; baseline -0.006 -23"><span class='ocrx_word' id='word_1_314' title='bbox 119 3887 240 3956; x_wconf 92' lang='lat' dir='ltr'><strong>cissent,</strong></span> <span class='ocrx_word' id='word_1_315' title='bbox 253 3895 286 3945; x_wconf 91' lang='lat' dir='ltr'><strong>st</strong></span> <span class='ocrx_word' id='word_1_316' title='bbox 304 3875 435 3945; x_wconf 86' lang='lat' dir='ltr'><strong>Decelea&#39;</strong></span> <span class='ocrx_word' id='word_1_317' title='bbox 447 3892 551 3944; x_wconf 89' lang='lat' dir='ltr'><strong>contra</strong></span> <span class='ocrx_word' id='word_1_318' title='bbox 570 3901 625 3970; x_wconf 77' lang='lat' dir='ltr'><strong>nos</strong></span> <span class='ocrx_word' id='word_1_319' title='bbox 647 3881 761 3942; x_wconf 89' lang='lat' dir='ltr'><strong>munita</strong></span> <span class='ocrx_word' id='word_1_320' title='bbox 780 3887 869 3951; x_wconf 83' lang='lat' dir='ltr'><strong>esset,</strong></span> <span class='ocrx_word' id='word_1_321' title='bbox 888 3886 1068 3959; x_wconf 82' lang='lat' dir='ltr'><strong>postremum</strong></span> <span class='ocrx_word' id='word_1_322' title='bbox 1090 3878 1159 3940; x_wconf 90' lang='lat' dir='ltr'><strong>item</strong></span> <span class='ocrx_word' id='word_1_323' title='bbox 1173 3889 1217 3940; x_wconf 86' lang='lat' dir='ltr'><strong>te·</strong></span> 
     </span>
     <span class='ocr_line' id='line_1_38' title="bbox 120 3969 1243 4052; baseline -0.006 -14"><span class='ocrx_word' id='word_1_324' title='bbox 120 3978 286 4038; x_wconf 81' lang='lat' dir='ltr'><strong>maritatam</strong></span> <span class='ocrx_word' id='word_1_325' title='bbox 299 3977 378 4037; x_wconf 89' lang='lat' dir='ltr'><strong>illam</strong></span> <span class='ocrx_word' id='word_1_326' title='bbox 398 3974 571 4047; x_wconf 84' lang='lat' dir='ltr'><strong>cavendam,</strong></span> <span class='ocrx_word' id='word_1_327' title='bbox 584 3991 652 4034; x_wconf 90' lang='lat' dir='ltr'><strong>cum</strong></span> <span class='ocrx_word' id='word_1_328' title='bbox 664 3973 746 4034; x_wconf 90' lang='lat' dir='ltr'><strong>bello</strong></span> <span class='ocrx_word' id='word_1_329' title='bbox 757 3973 836 4045; x_wconf 82' lang='lat' dir='ltr'><strong>victi,</strong></span> <span class='ocrx_word' id='word_1_330' title='bbox 848 3969 1065 4052; x_wconf 75' lang='lat' dir='ltr'><strong>posnrlantibus</strong></span> <span class='ocrx_word' id='word_1_331' title='bbox 1080 3969 1218 4031; x_wconf 80' lang='lat' dir='ltr'><strong>Lacedae-</strong></span> <span class='ocrx_word' id='word_1_332' title='bbox 1238 4041 1243 4048; x_wconf 35' lang='lat'>¹</span> 
     </span>
     <span class='ocr_line' id='line_1_39' title="bbox 121 4062 1218 4150; baseline -0.006 -19"><span class='ocrx_word' id='word_1_333' title='bbox 121 4070 227 4131; x_wconf 73' lang='lat' dir='ltr'><strong>monis</strong></span> <span class='ocrx_word' id='word_1_334' title='bbox 239 4080 274 4129; x_wconf 92' lang='lat' dir='ltr'><strong>ut</strong></span> <span class='ocrx_word' id='word_1_335' title='bbox 285 4086 391 4150; x_wconf 87' lang='lat' dir='ltr'><strong>pacem</strong></span> <span class='ocrx_word' id='word_1_336' title='bbox 412 4076 544 4148; x_wconf 76' lang='lat' dir='ltr'><strong>agerent,</strong></span> <span class='ocrx_word' id='word_1_337' title='bbox 557 4077 588 4126; x_wconf 92' lang='lat' dir='ltr'><strong>et</strong></span> <span class='ocrx_word' id='word_1_338' title='bbox 608 4075 715 4145; x_wconf 75' lang='lat' dir='ltr'><strong>preter</strong></span> <span class='ocrx_word' id='word_1_339' title='bbox 726 4065 866 4136; x_wconf 85' lang='lat' dir='ltr'><strong>Atticam,</strong></span> <span class='ocrx_word' id='word_1_340' title='bbox 883 4065 970 4124; x_wconf 89' lang='lat' dir='ltr'><strong>etiam</strong></span> <span class='ocrx_word' id='word_1_341' title='bbox 984 4062 1142 4133; x_wconf 88' lang='lat' dir='ltr'><strong>Lemnum,</strong></span> <span class='ocrx_word' id='word_1_342' title='bbox 1159 4064 1218 4124; x_wconf 87' lang='lat' dir='ltr'><strong>lm·</strong></span> 
     </span>
     <span class='ocr_line' id='line_1_40' title="bbox 119 4156 1216 4241; baseline -0.005 -19"><span class='ocrx_word' id='word_1_343' title='bbox 119 4162 206 4222; x_wconf 84' lang='lat' dir='ltr'><strong>hrum</strong></span> <span class='ocrx_word' id='word_1_344' title='bbox 223 4171 256 4221; x_wconf 87' lang='lat' dir='ltr'><strong>ct</strong></span> <span class='ocrx_word' id='word_1_345' title='bbox 269 4163 394 4241; x_wconf 79' lang='lat' dir='ltr'><strong>Scyrum</strong></span> <span class='ocrx_word' id='word_1_346' title='bbox 406 4169 550 4230; x_wconf 75' lang='lat' dir='ltr'><strong>tenerem,</strong></span> <span class='ocrx_word' id='word_1_347' title='bbox 567 4167 600 4218; x_wconf 91' lang='lat' dir='ltr'><strong>et</strong></span> <span class='ocrx_word' id='word_1_348' title='bbox 610 4157 768 4218; x_wconf 73' lang='lat' dir='ltr'><strong>wastituta</strong></span> <span class='ocrx_word' id='word_1_349' title='bbox 780 4157 893 4236; x_wconf 76' lang='lat' dir='ltr'><strong>legibus</strong></span> <span class='ocrx_word' id='word_1_350' title='bbox 911 4156 1045 4216; x_wconf 86' lang='lat' dir='ltr'><strong>libertate</strong></span> <span class='ocrx_word' id='word_1_351' title='bbox 1057 4164 1216 4228; x_wconf 87' lang='lat' dir='ltr'><strong>uterentur,</strong></span> 
     </span>
     <span class='ocr_line' id='line_1_41' title="bbox 120 4246 1217 4330; baseline -0.005 -16"><span class='ocrx_word' id='word_1_352' title='bbox 120 4255 225 4314; x_wconf 86' lang='lat' dir='ltr'><strong>horum</strong></span> <span class='ocrx_word' id='word_1_353' title='bbox 243 4252 317 4313; x_wconf 85' lang='lat' dir='ltr'><strong>nihil</strong></span> <span class='ocrx_word' id='word_1_354' title='bbox 330 4251 484 4314; x_wconf 85' lang='lat' dir='ltr'><strong>admittere</strong></span> <span class='ocrx_word' id='word_1_355' title='bbox 496 4251 661 4322; x_wconf 83' lang='lat' dir='ltr'><strong>voluerunt,</strong></span> <span class='ocrx_word' id='word_1_356' title='bbox 683 4248 736 4308; x_wconf 88' lang='lat' dir='ltr'><strong>sed</strong></span> <span class='ocrx_word' id='word_1_357' title='bbox 749 4249 859 4310; x_wconf 88' lang='lat' dir='ltr'><strong>bellom</strong></span> <span class='ocrx_word' id='word_1_358' title='bbox 881 4246 962 4327; x_wconf 90' lang='lat' dir='ltr'><strong>quod</strong></span> <span class='ocrx_word' id='word_1_359' title='bbox 976 4265 1076 4326; x_wconf 74' lang='lat' dir='ltr'><strong>gerere</strong></span> <span class='ocrx_word' id='word_1_360' title='bbox 1090 4267 1149 4310; x_wconf 89' lang='lat' dir='ltr'><strong>non</strong></span> <span class='ocrx_word' id='word_1_361' title='bbox 1163 4269 1217 4330; x_wconf 91' lang='lat' dir='ltr'><strong>po-</strong></span> 
     </span>
     <span class='ocr_line' id='line_1_42' title="bbox 120 4339 1216 4424; baseline -0.004 -18"><span class='ocrx_word' id='word_1_362' title='bbox 120 4355 228 4418; x_wconf 86' lang='lat' dir='ltr'><strong>terant,</strong></span> <span class='ocrx_word' id='word_1_363' title='bbox 255 4345 465 4424; x_wconf 76' lang='lat' dir='ltr'><strong>praetulerunt:</strong></span> <span class='ocrx_word' id='word_1_364' title='bbox 487 4363 554 4404; x_wconf 89' lang='lat' dir='ltr'><strong>cum</strong></span> <span class='ocrx_word' id='word_1_365' title='bbox 574 4342 694 4421; x_wconf 91' lang='lat' dir='ltr'><strong>quidem</strong></span> <span class='ocrx_word' id='word_1_366' title='bbox 715 4340 850 4421; x_wconf 83' lang='lat' dir='ltr'><strong>Cleopho</strong></span> <span class='ocrx_word' id='word_1_367' title='bbox 868 4341 995 4422; x_wconf 86' lang='lat' dir='ltr'><strong>lyrarum</strong></span> <span class='ocrx_word' id='word_1_368' title='bbox 1016 4339 1107 4412; x_wconf 84' lang='lat' dir='ltr'><strong>labor,</strong></span> <span class='ocrx_word' id='word_1_369' title='bbox 1128 4360 1216 4420; x_wconf 87' lang='lat' dir='ltr'><strong>quem</strong></span> 
     </span>
     <span class='ocr_line' id='line_1_43' title="bbox 34 4433 1215 4518; baseline -0.006 -17"><span class='ocrx_word' id='word_1_370' title='bbox 34 4437 38 4451; x_wconf 84' lang='grc'><strong>“</strong></span> <span class='ocrx_word' id='word_1_371' title='bbox 93 4438 208 4500; x_wconf 66' lang='lat' dir='ltr'><strong>”malti</strong></span> <span class='ocrx_word' id='word_1_372' title='bbox 220 4437 414 4518; x_wconf 85' lang='lat' dir='ltr'><strong>compedibus</strong></span> <span class='ocrx_word' id='word_1_373' title='bbox 427 4437 557 4498; x_wconf 84' lang='lat' dir='ltr'><strong>vinctum</strong></span> <span class='ocrx_word' id='word_1_374' title='bbox 576 4434 778 4512; x_wconf 73' lang='lat' dir='ltr'><strong>meminerant,</strong></span> <span class='ocrx_word' id='word_1_375' title='bbox 792 4453 843 4514; x_wconf 89' lang='lat' dir='ltr'><strong>per</strong></span> <span class='ocrx_word' id='word_1_376' title='bbox 856 4433 988 4496; x_wconf 80' lang='lat' dir='ltr'><strong>fraudem</strong></span> <span class='ocrx_word' id='word_1_377' title='bbox 1001 4453 1036 4496; x_wconf 89' lang='lat' dir='ltr'><strong>sc</strong></span> <span class='ocrx_word' id='word_1_378' title='bbox 1051 4435 1174 4514; x_wconf 84' lang='lat' dir='ltr'><strong>turpiter</strong></span> <span class='ocrx_word' id='word_1_379' title='bbox 1184 4434 1215 4494; x_wconf 84' lang='lat' dir='ltr'><strong>in</strong></span> 
     </span>
     <span class='ocr_line' id='line_1_44' title="bbox 647 4526 703 4588; baseline 0 0"><span class='ocrx_word' id='word_1_380' title='bbox 647 4526 665 4559; x_wconf 78' lang='lat'>⁸</span> <span class='ocrx_word' id='word_1_381' title='bbox 679 4547 703 4588; x_wconf 86' lang='lat' dir='ltr'><strong>rr</strong></span> 
     </span>
    </p>
   </div>
   <div class='ocr_carea' id='block_1_10' title="bbox 0 0 1488 5017">
    <p class='ocr_par' dir='ltr' id='par_1_10' title="bbox 0 0 1488 5017">
     <span class='ocr_line' id='line_1_45' title="bbox 0 0 1488 5017; baseline 0 0"><span class='ocrx_word' id='word_1_382' title='bbox 0 0 1488 5017; x_wconf 95' lang='lat' dir='ltr'><strong> </strong></span> 
     </span>
    </p>
   </div>
  </div>
 </body>
</html>
