2967 5017
449 315 941 412 inrnnsustirnrnnrurr.
1182 325 1241 386 rsa

150 467 262 542 cnibba,
275 479 306 531 to
319 471 405 532 istun
419 475 470 552 qni
483 475 554 536 talis
572 476 723 538 moliretur
734 475 882 538 bominem
894 491 1008 539 summ
1019 475 1162 538 nsinrium
1174 489 1242 540 otte

148 559 237 628 danis
260 571 292 621 et
300 563 375 622 riam
387 565 520 644 quaesivi,
533 587 592 647 qua
604 578 635 629 et
647 587 706 648 ego
715 569 866 630 musone
875 567 1035 648 sponsione
1046 567 1197 642 liberarer,
1210 579 1243 630 et

147 649 257 730 hospes
270 673 305 714 es
317 673 384 734 qum
392 677 501 735 perme
516 659 562 718 isti
572 669 722 720 mutuarat
731 678 792 720 non
805 662 959 729 emitteret.
985 658 1161 722 constitutit
1169 677 1243 741 ergo

145 743 426 822 noviacustodibus,
438 767 546 810 mamre
562 751 752 830 sponsoribus
764 751 915 830 negotium
927 749 1061 829 exposui,
1072 751 1249 829 Quaque.

146 835 262 909 tradidi,
276 856 310 898 oc
324 838 427 900 decem
440 841 533 902 mines
551 841 697 923 hospitem
710 842 817 903 habere
830 841 860 901 in
874 840 1032 902 nsvedixi.
1074 839 1130 902 His
1144 839 1241 914 tuus,
1303 893 1306 903 .

145 927 290 1008 mancipia
303 932 462 1011 sponsione
474 933 629 1006 obstrinxi,
643 944 685 1006 ut,
699 934 725 994 si
745 933 818 1013 qnid
830 933 959 1006 deemt,
977 951 1030 1012 per
1051 949 1088 992 ea
1109 932 1242 1014 comple.

144 1029 229 1082 retur.
272 1025 318 1084 lta
331 1044 397 1104 ego,
411 1025 597 1106 deprebensis
611 1027 696 1088 istius
707 1025 829 1106 injuriis,
842 1025 913 1085 mibi
925 1033 958 1085 et
967 1023 1075 1104 hospiti
1087 1025 1240 1086 consului:

145 1122 176 1172 st
187 1113 243 1176 iste
255 1116 378 1194 perinde
390 1135 425 1178 ec
439 1118 464 1178 si
478 1119 635 1198 acciperet,
648 1137 707 1178 non
722 1117 842 1189 taceret,
855 1115 1001 1193 injuriam,
1013 1133 1062 1174 me
1074 1114 1242 1190 incusabat,

144 1205 271 1283 τοςίῑαω
284 1226 322 1266 nn
341 1226 400 1268 non
422 1209 493 1270 mihi
515 1211 586 1270 satis
607 1219 688 1271 esset
700 1208 859 1289 sponsione
876 1206 916 1266 sd
927 1205 1106 1266 menrfflnm
1116 1204 1241 1280 exsolvi,

144 1298 197 1358 nisi
210 1309 241 1359 et
257 1308 311 1378 pro
322 1302 450 1380 pecunie
463 1301 668 1363 Parmenontis
682 1321 787 1362 narem
807 1309 838 1361 et
853 1300 1000 1379 mancipis
1013 1299 1172 1379 sponsione
1186 1299 1242 1358 ob-

144 1389 325 1470 stringerem,
344 1404 375 1454 et
395 1403 514 1474 propter
534 1395 682 1469 hominem
699 1393 831 1454 exsulem
852 1411 922 1452 snas
944 1393 1123 1472 susciperem
1145 1392 1242 1451 inimi·

144 1480 247 1568 eitiasi
277 1483 342 1561 Ego
360 1503 429 1544 vero
443 1503 511 1546 enm
524 1486 573 1564 qni
596 1485 668 1544 mihi
685 1483 860 1546 credidisset
877 1501 915 1542 eo
937 1483 1036 1544 minus
1047 1501 1095 1544 me
1109 1483 1241 1542 dueum
1301 1514 1305 1522 ·

144 1591 208 1632 rum
220 1575 397 1647 asserebam,
410 1576 491 1653 quod
502 1586 533 1635 et
545 1575 640 1636 exsuli
654 1587 685 1638 et
699 1574 873 1656 eniamitoso
885 1574 970 1634 deret
982 1592 1035 1654 per
1046 1593 1113 1634 eum
1127 1574 1241 1653 injuria.

143 1663 306 1744 Postquam
317 1675 415 1725 autem
430 1666 500 1725 nihss
514 1668 683 1744 pretermisi
697 1676 728 1726 et
740 1664 940 1726 omnes-istius
950 1664 1115 1723 inimicitias
1128 1663 1243 1723 etodia

139 1754 371 1834 provocativis
383 1755 485 1832 redegi
503 1767 667 1833 argentum,
681 1775 757 1816 nare
774 1754 973 1834 quadraginta
989 1753 1075 1811 minis
1096 1751 1240 1822 venditu

138 1841 246 1923 quanti
260 1853 322 1917 erat
336 1843 536 1921 oppignerata.
578 1843 714 1904 Redditis
727 1845 816 1922 igitur
828 1842 947 1920 triginta
960 1841 1047 1901 minis
1057 1842 1097 1902 sd
1109 1857 1240 1904 manum

140 1947 170 1996 et
184 1936 287 1995 decem
304 1934 387 1993 minis
403 1934 591 1994 Parmenonti
604 1953 701 1994 coram
716 1935 816 1994 multis
830 1934 962 2005 testibus,
975 1942 1006 1992 et
1019 1933 1134 1994 tabulas
1143 1945 1241 1994 sustu·-

140 2027 227 2088 limus
251 2025 413 2086 seeundum
432 2043 506 2104 qnae
523 2025 634 2086 credits
653 2034 715 2085 erat
736 2022 873 2103 pecunia,
887 2032 918 2083 et
939 2034 1045 2082 mutua
1064 2027 1241 2086 commercia

142 2117 387 2190 rennnciavimus,
396 2127 426 2194 et
439 2115 561 2177 invicem
571 2117 679 2176 missos
692 2116 825 2185 fecimus,
834 2115 876 2174 itu
887 2114 932 2174 nti
943 2132 1041 2193 neque
1053 2113 1238 2190 istimeonm,

142 2227 236 2287 neque
249 2208 319 2268 mihi
332 2227 400 2269 curn
413 2207 471 2267 isto
484 2207 593 2286 negotii
607 2207 761 2286 quicquam
775 2218 866 2268 esset.
895 2206 941 2268 Ao
955 2217 990 2266 ut
998 2225 1068 2266 rere
1080 2225 1130 2272 me
1140 2207 1238 2268 dicere

142 2300 324 2382 intelligatis,
337 2299 438 2360 audite
451 2299 626 2360 testimonia.

551 2515 825 2576 TESTIMONIA.
932 2502 936 2515 ’

180 2667 217 2722 4.-
230 2663 299 2722 dam
312 2660 445 2740 postisw
458 2659 529 2720 nibil
548 2657 619 2718 mibi
632 2675 700 2716 cnm
723 2655 782 2718 isto
802 2655 844 2714 rei
853 2702 857 2706 Α
866 2654 913 2715 rei
933 2671 1052 2734 megara
1068 2657 1118 2716 rel
1138 2675 1235 2736 parm

144 2751 216 2813 tuit:
251 2751 395 2811 Parmeno
417 2761 517 2811 entem
540 2749 626 2807 istum
644 2747 805 2806 accusabat
824 2757 885 2806 tntu
900 2747 1236 2826 veterumquiuuno

140 2853 186 2916 eo,
199 2844 270 2904 duni
283 2843 428 2920 mancipia
439 2861 508 2920 quas
520 2837 732 2916 abiegsbantur
745 2836 914 2912 corriperet,
931 2836 1055 2896 effectus
1073 2849 1164 2908 esset,
1173 2849 1236 2900 tum
1262 2899 1269 2908 ,

143 2933 382 3014 impeditreabeo
394 2951 482 3011 quam
497 2931 526 2990 in
541 2927 669 2988 Siciliam
683 2923 858 2996 instituisset
870 2925 1073 3002 navigationis.
1103 2928 1236 2987 instante
1311 2921 1317 2928 ’

144 3033 240 3085 tutem
265 3022 389 3099 judicio,
412 3021 508 3082 defert
532 3020 678 3079 Parmeno
698 3013 906 3097 jusjurandum
934 3013 980 3072 isti
1003 3014 1040 3073 de
1059 3015 1237 3092 quibusdam

143 3115 327 3178 criminibus:
356 3115 386 3172 id
409 3114 464 3174 iste
487 3109 601 3190 accipit,
623 3118 728 3189 pactus
746 3107 866 3185 insuper
884 3106 972 3166 etiarn
994 3106 1158 3184 pecuniam,
1175 3106 1237 3168 nisi

141 3207 343 3287 jusjurandum
365 3205 441 3273 illud
465 3203 606 3266 dedisset.
647 3201 693 3260 Ae
708 3207 744 3258 ut
760 3216 809 3261 me
822 3216 891 3261 reta
903 3197 1001 3260 dicere
1017 3207 1145 3272 constet,
1162 3217 1237 3279 cape

145 3299 211 3360 mibi
228 3297 447 3360 marmonium„

415 3539 418 3545 ·
540 3503 845 3566 TESTIMONIUM.

147 3667 272 3746 Accepto
283 3665 372 3746 igitur
381 3660 581 3743 jurejurando,
595 3656 674 3720 haud
696 3657 816 3737 ignarus
835 3655 943 3716 multos
958 3656 1014 3716 sibi
1032 3657 1058 3718 si
1078 3657 1236 3736 pejerasset

146 3759 201 3820 iore
215 3757 364 3827 conamus,
380 3751 592 3834 adjutandum
604 3761 713 3829 presto
729 3768 791 3810 non
809 3747 885 3808 tuit:
907 3747 961 3808 sed
973 3757 1112 3826 tanquam
1123 3745 1236 3825 judicio

146 3851 291 3912 suiutnrus
309 3845 525 3927 jusjurandum,
546 3841 732 3902 Parmenonti
755 3839 835 3900 diem
858 3837 940 3902 dicit.
984 3838 1117 3900 instante
1139 3847 1236 3898 autem
1336 3917 1341 3928 .

148 3942 187 4002 sis
207 3940 331 4021 jndicio,
356 3935 477 4000 adducti
498 3934 535 3994 ab
556 3931 591 3992 iis
611 3932 661 4011 qui
676 3931 811 4001 ederant,
831 3929 869 3989 ad
894 3927 1135 4008 compromissum
1155 3927 1237 4007 reni.-

149 4043 205 4092 unts
218 4041 250 4092 et
262 4029 397 4111 pectione
409 4026 586 4104 conscripta,
599 4042 690 4084 unum
703 4021 842 4082 arbitrum
853 4020 1032 4091 Phocsitum,
1043 4018 1136 4105 civem
1150 4038 1236 4079 suurn

148 4123 332 4186 communiter
344 4121 488 4200 deligunt,
508 4116 555 4178 cui
576 4133 665 4178 unum
682 4123 806 4193 uterque
829 4111 971 4183 attribuit,
984 4111 1039 4170 iste
1059 4111 1236 4172 Aristoclem

152 4215 298 4290 OEensem,
309 4213 456 4275 Parmeno
467 4229 525 4269 me.
566 4208 671 4287 ltaque
684 4205 761 4266 inter
775 4226 808 4268 re
820 4204 1022 4285 paciscuntur,
1032 4222 1100 4282 qnae
1109 4222 1163 4263 nor
1176 4213 1236 4264 tres

152 4308 187 4368 de
204 4305 361 4370 cunnum
375 4301 522 4366 sententia
540 4297 804 4369 constituissemus,
818 4315 856 4356 ee
867 4314 900 4354 se
918 4305 984 4354 rata
1001 4293 1170 4356 habituros:
1183 4293 1240 4364 -sin

152 4399 331 4478 mutuaque
353 4395 413 4459 dno
435 4393 644 4467 decrevissent,
656 4409 692 4452 ea
708 4387 875 4452 necessario
892 4387 956 4457 iore
975 4386 1127 4450 manda.
1170 4385 1237 4452 lise
