2967 5017
218 309 302 386 'ssa
436 399 441 410 ,
551 307 776 390 anvsaau's
797 323 1027 388 secururs.

241 488 482 552 usnemu-t,
502 477 886 560 udmffrsphsntiusnss
901 494 969 543 ἰιι
989 487 1189 558 malque
1208 475 1338 557 inundes

235 578 424 649 ,μιιιιιιι
466 568 547 630 Num
560 587 616 632 neu
630 569 660 632 iu
672 569 773 632 Ponto
788 569 925 631 imarum
940 569 1113 650 quicqum,
1124 587 1222 646 neque
1233 567 1265 632 is
1284 586 1338 634 uss

241 679 308 720 sem
329 660 525 730 contulerunt,
543 661 677 726 Athenas
696 661 874 724 usitandum·
916 661 957 724 Et
973 673 1028 725 uos
1049 660 1220 736 aeduus,
1242 679 1339 728 tum

161 793 180 844 .'
241 753 369 814 tentibus
392 753 435 812 eis
461 774 478 813 e
501 751 608 826 Ponto,
630 773 688 814 non
712 753 894 813 habebamus
912 754 993 832 quod
1015 752 1272 833 prehenderemus,
1286 761 1339 812 eut

239 852 416 917 teneremus,
430 845 571 924 tantisper
588 845 660 906 dum
684 854 814 908 ιοιιιιιι
828 845 984 924 munium
999 844 1220 924 recepissemus.
1256 842 1338 901 Nihil

240 936 317 995 enim
338 955 471 1016 prorsum
495 937 523 995 in
536 949 653 1018 portum
665 936 712 1000 isti
726 945 857 997 ιοιιιιιι
871 936 1052 996 invexerunt.
1094 935 1155 994 Sed
1169 933 1254 1000 nobis
1270 933 1337 992 inu·

220 1027 359 1094 ⁴sitetuns
382 1027 529 1108 quippiam
553 1025 670 1104 accidit,
689 1029 827 1090 Judices:
848 1028 899 1108 qui
922 1027 1049 1090 enimin
1070 1037 1170 1090 restra
1186 1025 1244 1086 hac
1265 1027 1338 1089 urhe

136 1155 147 1168 =
238 1119 310 1182 nihil
324 1121 520 1199 peccavimus,
533 1122 619 1207 nullo
636 1124 673 1184 ab
693 1123 735 1184 eis
749 1123 874 1206 convicti
881 1122 993 1201 judicio
1005 1141 1119 1193 sumus,
1133 1131 1235 1182 ιιιιιι
1245 1137 1337 1198 ριιιιν

238 1213 289 1272 nis
302 1212 339 1270 sb
353 1211 417 1271 istis
431 1211 586 1273 Phaselitis
601 1214 717 1292 spoliati
731 1234 845 1286 sumus,
857 1215 943 1293 quasi
955 1231 1025 1273 varo
1032 1214 1082 1293 jus
1095 1223 1172 1273 esset
1180 1209 1337 1278 Phaselitis

237 1302 468 1384 repratsallarum
482 1305 619 1365 adversus
634 1305 838 1366 Athenienses.
880 1307 957 1364 Cum
971 1309 1060 1380 enim,
1069 1304 1137 1385 quaa
1148 1311 1337 1382 acceperunt,

238 1393 361 1456 reddere
385 1393 486 1469 nolint,
510 1395 590 1478 quod
612 1397 693 1458 allud
714 1398 770 1457 erit
792 1396 874 1459 hisce
898 1398 985 1455 rebus
1010 1415 1116 1457 nomen
1139 1393 1336 1466 tribuendum,

238 1505 326 1566 quesn
346 1487 374 1548 si
397 1508 450 1550 eus
469 1491 582 1570 eripere
607 1487 724 1550 alienal
756 1485 832 1549 Nam
854 1508 911 1568 ego
931 1487 1050 1568 quidem
1069 1487 1166 1549 audiri
1185 1503 1337 1563 nunquam

238 1578 393 1658 quicquam
409 1580 578 1640 sceleratius
597 1599 632 1640 eo
647 1580 768 1651 scelere,
781 1579 859 1658 quud
880 1581 911 1639 in
925 1599 978 1640 nos
992 1580 1040 1639 isti
1060 1578 1280 1649 commiserunt,
1290 1574 1335 1640 ἰιι

201 1717 204 1720 .
238 1687 296 1750 que
310 1671 486 1730 confitentes
510 1691 543 1731 se
565 1670 720 1751 pecuniam
740 1670 890 1749 accepisse
903 1690 921 1730 a
934 1671 1029 1730 nobis.
1069 1669 1185 1737 Quibus
1203 1668 1282 1728 enim
1296 1666 1336 1731 ds

237 1761 437 1823 contractibus
457 1762 623 1840 ambigitur,
638 1761 770 1835 iudices,
783 1762 815 1820 hi
822 1761 967 1842 judicium
980 1763 1151 1842 postulant:
1172 1779 1246 1839 quos
1268 1777 1336 1824 sero

236 1853 351 1931 utrique
364 1851 599 1913 contrahentium
614 1855 790 1912 confitentur
804 1865 835 1910 et
847 1854 884 1912 de
899 1854 1004 1930 quibua
1018 1847 1194 1930 syngraphae
1209 1849 1336 1908 nauticse

237 1955 363 2018 exutam,
376 1945 431 2004 hos
441 1955 660 2002 consummatos
675 1961 740 2000 esse
754 1961 865 2011 omnes,
880 1953 912 2001 et
923 1943 1084 2020 perscripta
1097 1943 1127 1999 in
1142 1940 1248 1998 tabulis
1260 1960 1335 2017 pra·-

235 2035 303 2095 stari
317 2047 450 2118 oportere
465 2043 596 2092 censent.
637 2031 706 2090 Jam
724 2051 774 2090 eos
795 2051 831 2090 ex
846 2033 1015 2112 syngrapha
1028 2029 1098 2090 nihil
1118 2029 1238 2090 omniuo
1258 2049 1335 2110 prse-

235 2123 356 2194 stitisse,
372 2122 425 2185 sed
443 2122 512 2182 inde
535 2121 572 2182 ab
594 2120 675 2180 initio
695 2120 794 2182 atatim
814 2123 983 2202 auspicatos
1004 2120 1147 2182 stmxiase
1167 2120 1286 2188 fraudes
1304 2133 1335 2182 et

236 2213 307 2276 nibil
320 2215 396 2295 aequi
409 2213 535 2292 bonique
546 2212 703 2294 cogitasse,
714 2225 777 2273 tum
789 2231 807 2272 ι
821 2214 945 2272 testibus
959 2225 1020 2272 tum
1034 2213 1091 2294 ipsi
1105 2201 1201 2277 aseae
1213 2213 1334 2274 cousin·

235 2320 341 2370 cuntur
355 2306 430 2368 adeo
445 2305 609 2366 manifeste.
897 2373 901 2379 ⁴

275 2402 305 2458 ’1.
327 2399 416 2467 Quod
431 2417 498 2458 vero
512 2395 714 2478 gravissimum
728 2406 776 2457 est
793 2397 868 2462 inter
883 2394 990 2460 Lacriti
1009 2397 1149 2469 facinora,
1169 2395 1199 2460 id
1213 2418 1266 2459 ros
1281 2419 1333 2458 au-

234 2489 297 2551 dire
308 2492 411 2550 decet:
432 2487 458 2548 is
472 2489 548 2548 enim
563 2491 650 2548 rebus
663 2489 801 2552 omnibus
813 2489 939 2568 praefuit.
983 2489 1145 2568 Postquam
1163 2487 1222 2548 buc
1245 2510 1333 2550 vene·

236 2592 312 2657 rant,
325 2581 364 2647 ad
376 2590 535 2640 mercatum
551 2591 676 2643 vestrum
689 2601 749 2640 ιοι
764 2580 926 2662 appellunt,
940 2581 995 2640 aed
1008 2580 1038 2645 in
1048 2579 1156 2640 Furum
1170 2592 1285 2658 portum
1300 2600 1332 2641 se

232 2669 403 2756 conjiciunt,
416 2672 466 2752 qui
491 2684 537 2732 est
555 2683 638 2732 extra
658 2671 748 2733 vestri
763 2682 909 2733 mercatus
929 2672 1046 2733 limites.
1088 2672 1200 2750 Estque
1212 2671 1332 2752 perinde

232 2767 338 2827 neverit
352 2766 382 2824 in
404 2761 513 2824 Furum
538 2773 621 2846 portu
642 2763 816 2839 subducere,
829 2784 867 2827 ac
885 2758 910 2824 si
931 2765 996 2843 quis
1011 2761 1049 2824 ad
1064 2759 1201 2843 AEginam
1220 2773 1272 2823 aut
1292 2764 1331 2823 ad

236 2853 364 2938 Megara
383 2857 561 2938 appelleret:
583 2876 651 2916 nam
666 2876 703 2916 ex
717 2876 753 2916 ec
770 2866 857 2936 portu
870 2854 1016 2936 proficisci
1029 2853 1107 2925 licet,
1122 2874 1183 2934 quo
1197 2854 1331 2928 lubitum,

142 2935 152 2956 '
234 2960 265 3011 et
277 2948 511 3030 quandocunque
532 2948 719 3008 commodum
733 2947 831 3004 fuerit.
873 2944 916 3004 ilc
929 2947 1079 3025 navigium
1098 2945 1167 3007 ibi
1158 2948 1332 3008 metatione

234 3056 298 3103 erat
319 3042 384 3102 dies
405 3039 529 3119 amphus
539 3057 667 3114 qumque
681 3047 711 3094 ιι
726 3036 846 3114 viginti:
867 3037 916 3095 isti
934 3055 1004 3097 vero
1025 3036 1056 3095 in
1077 3047 1178 3098 nostro
1193 3038 1333 3116 Digmate

233 3130 472 3198 obambulabant,
487 3146 601 3206 nosque
621 3127 772 3205 congressi
794 3126 1013 3205 alloquebamur
1033 3140 1064 3188 et
1076 3130 1254 3209 jubebamus
1271 3149 1330 3192 eos

233 3241 346 3292 curare,
360 3231 393 3280 ut
405 3219 559 3299 ριιιιίιιι
573 3219 667 3298 primo
681 3237 806 3297 *quoque
826 3230 957 3300 tempure
976 3223 1179 3301 reciperemus.
1219 3225 1330 3290 Assen-

234 3312 381 3372 tiehaotur
403 3311 452 3373 isti
472 3321 503 3369 et
520 3329 553 3372 se
570 3310 601 3371 in
615 3329 651 3370 so
665 3331 731 3370 esse
744 3311 901 3372 dicebant:
922 3332 976 3373 nos
994 3333 1047 3374 eos
1061 3314 1285 3386 accedebamus,
1299 3330 1331 3378 at
1394 3349 1401 3356 ·

234 3420 302 3464 cum
316 3403 375 3462 alia
389 3403 623 3482 speculabamur,
637 3413 701 3462 tum
711 3421 749 3462 au
763 3403 903 3481 aliquide
916 3406 984 3464 navi
994 3405 1130 3466 alicunde
1139 3418 1330 3486 exponerent,

235 3504 265 3554 et
279 3493 534 3573 quinquagesimas
556 3494 711 3555 solverent.
754 3486 952 3574 Posteaquam
971 3507 1070 3557 autem
1090 3497 1139 3558 isti
1157 3498 1222 3559 dies
1246 3520 1328 3560 com·

233 3585 332 3666 plures
345 3583 497 3656 affuerant,
522 3583 617 3688 oeq'ue
637 3603 692 3643 ιιι
714 3584 872 3664 quicquam
892 3587 1126 3660 inveniebamus,
1146 3591 1194 3648 rel
1213 3589 1329 3670 esposi-

227 3687 306 3750 ·tum,
321 3677 368 3736 sel
381 3676 653 3754 quinquagesimam
667 3675 794 3736 solutam
808 3697 909 3738 eorum
920 3681 1048 3750 nomiae,
1062 3681 1102 3739 ibi
1115 3681 1236 3740 demum
1249 3683 1328 3742 selu·

233 3769 341 3860 tionem
354 3767 450 3828 sosius
462 3769 648 3844 urgebamus.
690 3768 768 3826 Cum
788 3787 857 3828 sero
869 3789 925 3830 nos
943 3772 986 3830 eis
997 3772 1185 3851 instaremus,
1198 3772 1337 3841 hauritum.

201 3857 205 3864 ’
232 3847 333 3921 irater
340 3859 507 3920 Artemonis
519 3859 686 3938 respondet,
707 3879 739 3918 se
752 3879 811 3919 non
825 3879 916 3939 posse
934 3861 1067 3932 reddere,
1079 3864 1202 3942 pen'isse
1215 3881 1328 3926 nereca

233 3969 354 4020 ιιιιιιι
377 3951 552 4028 dicebatque
562 3949 694 4011 lacritus
709 3970 741 4010 se
755 3951 794 4010 de
803 3951 967 4033 hisjustaus
976 3953 1085 4014 habers
1097 3956 1328 4047 ιιιιιιιιιιιι.

234 4043 280 4102 Ει
291 4044 381 4103 rerba
403 4059 469 4116 uos,
488 4042 620 4113 ludices,
635 4043 954 4119 graviterlerebamus:
975 4048 1030 4107 sed
1053 4049 1255 4128 indignatione
1272 4068 1328 4112 uo-

233 4143 295 4194 stra
307 4133 377 4194 nibil
390 4135 627 4213 proficiebamus,
637 4133 700 4194 istis
714 4137 834 4196 omniuo
843 4155 909 4196 eam
922 4142 1184 4202 contemnentibus.
1227 4144 1329 4202 Nihil·

232 4225 346 4286 omissus
361 4235 459 4286 temen
473 4227 715 4306 percontabantur
727 4245 790 4300 eos,
803 4247 864 4306 quo
878 4241 966 4308 pacto
980 4249 1092 4294 merces
1103 4235 1267 4312 periissent.
1281 4235 1328 4295 lbi

233 4315 367 4378 Lacutur
379 4319 578 4394 respondebat
593 4317 718 4379 fractam
736 4338 802 4378 esse
817 4336 921 4380 ueram
933 4322 1004 4382 dum
1026 4323 1212 4405 Panticapen
1227 4325 1327 4386 Theu-

233 4409 345 4470 doriam
368 4417 499 4488 peteret:
521 4411 614 4471 irsots
633 4419 729 4489 ιιιιιι
752 4412 829 4486 nasi,
843 4413 955 4491 perissa
967 4412 1106 4476 fatribus
1118 4412 1182 4477 suls
1200 4434 1325 4489 ιιιιιιι,
