2967 5017
414 334 587 401 comunt
610 334 900 396 mnocttmum.
1141 334 1203 392 ⁷6⁷

110 498 208 567 rietur,
229 506 260 559 et
281 515 341 557 non
364 495 497 567 solvisse,
512 492 712 573 septingentas
727 488 893 562 drachmas,
907 506 981 567 quas
1000 486 1030 546 in
1040 486 1202 547 referendis

29 576 31 589 ⁴
113 586 268 650 rationibus
290 608 326 649 ex
348 586 460 648 mulcta
482 585 584 648 debuit
604 604 666 643 suoe
687 583 780 643 tribus
799 582 891 643 heroi.
932 582 997 661 Age
1015 579 1093 640 hanc
1107 578 1207 659 ipsam*

112 678 183 761 legis
196 690 307 762 partem
321 681 423 742 recita.

609 819 703 879 LEX.

112 952 233 1014 Desine.
276 953 366 1015 Audis
388 953 454 1012 bec
476 952 548 1033 quid
571 948 671 1010 dicati
697 946 904 1007 tibereum
926 946 1064 1007 elicui.
1099 945 1203 1008 Recita

111 1046 200 1108 etiem
212 1046 359 1109 trisulium
372 1044 582 1107 testimouium.

502 1216 809 1281 TESTIMONIUM.

113 1364 234 1428 Curabit
246 1368 300 1427 iste
310 1364 432 1435 scilicet,
442 1360 576 1431 ludices,
585 1379 696 1441 paucos
708 1360 850 1435 homines,
861 1374 912 1423 out
924 1366 1034 1443 eosqui
1047 1368 1202 1427 maximum

112 1460 207 1519 etatis
229 1468 343 1541 partem
361 1454 540 1535 navigando,
555 1464 587 1513 nt
605 1454 696 1527 Mico‚
708 1464 893 1526 consumunt,
906 1474 974 1515 curn
993 1457 1115 1517 tribules
1134 1477 1204 1519 suos

112 1563 274 1631 praesentes
291 1569 347 1610 nec
368 1550 513 1617 metuerit,
527 1566 584 1606 nec
608 1547 748 1606 reveritus
766 1546 829 1606 siti
850 1547 928 1607 Nam
947 1560 978 1608 et
996 1550 1203 1628 rempublicam

111 1642 213 1705 eorum
227 1645 268 1704 ita
280 1641 426 1711 tractarit,
439 1650 473 1698 ut
488 1638 641 1719 peculatus
656 1657 722 1698 eum
737 1638 976 1700 condemnarint:
996 1652 1027 1700 et
1047 1652 1115 1720 post
1134 1662 1205 1701 con·

110 1736 341 1805 damnationem,
361 1732 493 1809 quemvis
517 1730 587 1789 satis
609 1731 691 1801 sciat,
712 1730 811 1808 legum
829 1731 983 1791 interdicto
1007 1754 1040 1792 se
1062 1736 1099 1793 ab
1118 1753 1205 1795 accur

110 1806 207 1891 sanilo
219 1825 373 1896 removeri,
387 1824 482 1884 donec
492 1823 631 1883 mulctam
645 1824 772 1895 solverit,
783 1823 841 1882 viru
851 1833 948 1883 tumen
959 1825 1042 1897 facit,
1056 1838 1144 1907 atque
1154 1848 1205 1889 ex·

110 1922 233 1994 istimut,
245 1932 358 1981 ceteros
378 1918 499 1998 quidem
512 1916 629 1977 aersrios
639 1918 723 1975 ornui
738 1935 858 1975 munere
872 1916 988 1995 publico
1002 1918 1109 1999 depelli
1120 1940 1206 2001 opor·

111 2026 185 2089 tere,
196 2034 228 2075 se
240 2033 309 2075 vero
321 2002 499 2091 superiorem
523 2028 588 2069 esse
608 2008 732 2088 legibus.
775 2010 872 2081 Dicet,
893 2029 990 2081 ovum,
1003 2032 1064 2072 non
1082 2033 1125 2084 se,
1139 2032 1206 2074 esse

112 2106 142 2166 in
155 2106 286 2167 tabulam
307 2105 448 2177 relatum:
469 2100 548 2163 etde
562 2100 619 2159 lroc
632 2101 725 2161 multe
737 2104 826 2162 rerba
841 2102 938 2175 faciet,
957 2098 1118 2167 illum‘esse
1132 2126 1206 2168 rera-

112 2201 195 2261 rium.
237 2199 303 2279 Ego
316 2217 385 2259 vero
397 2206 463 2256 uter
476 2196 524 2267 sit,
538 2205 619 2255 certo
632 2195 803 2255 confirmare
816 2216 876 2255 non
886 2216 1025 2274 possum
1047 2200 1100 2259 sed
1119 2210 1154 2259 nt
1166 2200 1208 2260 ita

114 2291 161 2364 sit,
176 2302 208 2352 ut
221 2292 276 2352 iste
290 2290 369 2361 dicit,
383 2290 475 2349 multo
493 2288 601 2369 justius
615 2306 633 2347 a
650 2288 731 2347 vobis
748 2289 1000 2363 condemnabitur,
1015 2292 1039 2351 si
1054 2311 1100 2353 rea
1119 2292 1207 2354 itate

114 2382 212 2446 babet.
245 2384 321 2443 Nam
336 2384 360 2442 si
374 2382 492 2441 aersrius
505 2381 568 2462 ejus
580 2399 652 2441 avus
666 2380 721 2440 luit
734 2380 815 2453 olim,
828 2393 859 2442 et
870 2383 919 2443 lex
933 2384 1010 2445 illius
1022 2386 1109 2447 istum
1124 2388 1205 2449 berc·

114 2476 235 2538 ditarem
254 2495 359 2555 cepere
369 2475 464 2554 jubet,
478 2484 564 2553 atque
579 2474 641 2552 ipse
659 2472 725 2533 cuni
741 2476 768 2533 ei
781 2494 836 2535 nec
854 2476 923 2535 olim
940 2496 1078 2539 accusare
1092 2481 1205 2551 liceret,

114 2568 275 2641 securavit,
288 2576 500 2648 proptereaque
524 2584 556 2625 se
578 2566 790 2626 absolvendum
805 2578 896 2645 putat,
909 2571 987 2649 quod
1001 2592 1020 2631 a
1032 2575 1118 2633 tertio
1137 2575 1207 2636 inde

114 2664 228 2741 generis
249 2661 342 2740 gradu
365 2660 403 2718 sit
421 2659 580 2737 improbus,
592 2658 664 2717 nihil
688 2659 765 2738 ecqui
785 2660 874 2735 dicet,
894 2682 912 2721 o
934 2662 1066 2725 ludices.
1108 2667 1205 2745 lpsum

115 2767 209 2817 autem
225 2752 414 2813 Theocrinem
428 2751 568 2823 confiteri,
582 2769 647 2809 eum
662 2749 767 2811 durare
781 2754 931 2825 mulctam,
949 2756 999 2833 qui
1020 2770 1081 2816 tum
1094 2776 1148 2837 pro
1160 2778 1205 2827 se,
1238 2812 1241 2816 .

114 2858 172 2927 lum
185 2868 242 2931 pro
255 2848 344 2907 fratre
358 2843 562 2924 sposponderit
581 2842 745 2914 tribulibus,
758 2864 813 2904 nec
832 2857 948 2905 serrata
961 2848 1148 2926 jurisjurandi
1161 2868 1207 2908 re·

115 2942 235 3023 ligione,
244 2960 280 3002 ac
294 2940 356 2999 sine
369 2937 488 2997 infamia
501 2935 676 2997 delationem
691 2934 768 2997 banc
788 2957 875 3017 posse
890 2939 1012 3011 absolvi,
1026 2940 1068 3000 uti
1082 2951 1207 3013 constet,

115 3034 266 3097 decretum
288 3032 385 3113 profer
408 3028 487 3108 quod
511 3028 543 3088 in
567 3028 725 3090 Scironidm
747 3030 921 3091 sententiam
942 3031 1112 3093 factumest
1130 3034 1209 3111 apud

116 3126 245 3189 tribules.

541 3218 793 3327 nncnurmu.

119 3401 257 3462 Accessit
282 3410 379 3460 autem
392 3398 580 3471 lbeocrines,
594 3408 623 3457 et
644 3416 676 3456 se
693 3396 799 3456 debere
818 3396 912 3457 lassus
931 3408 1031 3470 est,'et
1044 3400 1207 3460 soluturum

117 3510 213 3554 corum
224 3546 226 3551 .
237 3490 393 3553 tribulibus
405 3490 531 3569 recepit,
546 3499 702 3569 postquam
723 3506 778 3547 nos
798 3488 904 3547 adesse
918 3490 1132 3565 animadvertit,
1155 3510 1210 3551 ex·

117 3585 212 3665 empla
224 3603 336 3653 eorum,
351 3602 419 3663 quae
433 3581 462 3639 in
476 3582 605 3641 tabulam
620 3579 710 3640 relata
723 3590 816 3660 erant,
829 3580 979 3659 petituros.

434 3740 436 3745 Ι
546 3786 785 3846 DECRETUM.

119 3928 213 3993 Multo
226 3934 322 4011 magis
334 3932 432 4011 igitur,
452 3930 656 3999 Athenienses,
669 3929 828 3991 Leontidas
840 3930 1036 4002 laudaveritis,
1048 3930 1097 4011 qui
1111 3930 1207 3992 Theo·

117 4023 223 4085 crinem
236 4024 304 4085 illas
318 4034 428 4103 septem
443 4024 536 4083 mines
550 4022 673 4082 reddere
691 4034 862 4101 coegerunt,
877 4043 965 4102 quam
977 4022 1075 4083 istum.

156 4120 184 4177 5.
204 4118 273 4178 lam
297 4128 400 4196 quarta
423 4116 509 4176 etiam
523 4116 571 4175 lex
589 4114 779 4186 est—intem
798 4116 873 4175 enim
895 4136 942 4175 me
962 4116 1101 4195 pleraque
1124 4117 1208 4179 istius

118 4206 244 4272 iscinora
256 4210 520 4291 pervestigasse—,
534 4230 594 4288 qua
606 4208 784 4269 Theocrines
797 4207 971 4287 quingentos
985 4208 1141 4271 drachmas
1155 4212 1207 4274 de·

117 4300 177 4375 bet,
189 4324 207 4363 a
219 4314 302 4385 patre
324 4324 379 4364 suo
400 4324 459 4364 non
478 4302 618 4376 redditas,
637 4302 744 4382 quibus
764 4302 919 4362 damnatus
939 4313 996 4377 est,
1016 4304 1209 4383 Cephisodori

118 4391 226 4457 famula
238 4397 267 4457 in
280 4396 443 4457 libertatern
468 4406 589 4466 asserta,
602 4396 653 4457 sed
674 4394 880 4456 intercessione
896 4408 927 4456 et
945 4399 1120 4459 tractatione
1141 4419 1208 4458 cum

119 4484 245 4549 ctesicle
265 4489 425 4550 orationum
441 4489 591 4568 scriptore,
605 4490 653 4567 qui
670 4491 707 4549 ab
721 4488 845 4549 adversa
857 4500 939 4569 parte
954 4492 1059 4565 stabat,
1074 4501 1207 4552 curetum
