2967 5017
242 369 282 428 ru
480 361 537 424 us
562 357 679 452 ursus
697 353 842 420 ossus.
855 343 1132 417 eserrrorts·

243 517 563 602 'gumntsupplicesmt
577 535 678 577 eurem
692 509 793 576 eorum
807 505 1004 594 susciperetis.
1025 509 1066 568 lis
1080 497 1301 566 Demosthenes
1315 501 1350 600 et

243 614 426 676 Philocrates
445 611 711 690 petrocinntitsunt,
724 627 786 667 non
806 600 966 666 AEschlnes.
998 601 1185 678 Etlegetum
1209 590 1249 651 ed
1265 587 1345 646 Phr-

243 707 354 786 lippum
374 707 491 763 mittum
510 691 920 768 Aristodemum-histrionem,
940 697 979 754 oh
991 692 1122 752 notitiem
1140 700 1172 748 et
1189 683 1259 783 attis
1274 697 1345 759 gn·

243 799 329 860 Μ’
345 797 387 856 Ut
396 807 495 855 sutem
507 814 526 855 s
539 795 684 874 legatione
698 807 831 852 reversus
854 783 1066 856 Aristodemus,
1079 791 1199 862 propter
1211 789 1347 872 occupe-

242 893 337 955 tiones
348 888 494 970 quasdem
507 907 569 948 non
583 885 745 948 scoedsbst
758 895 903 953 sonetum,
918 879 1080 940 Stratocles
1092 892 1160 936 eum
1176 867 1350 964 antevertit·

242 983 392 1064 proiectus
401 1001 438 1040 ex
455 981 642 1051 Macedonis,
654 977 705 1037 'ubi
718 979 853 1058 septiens
864 975 970 1043 lueret,
983 983 1015 1031 et
1026 967 1088 1030 sine
1099 963 1192 1048 pretio
1202 960 1345 1022 dimissus

243 1093 263 1134 n
283 1073 429 1152 Philippo,
442 1072 482 1132 ihi
497 1071 579 1131 multi
594 1067 835 1150 indignehentnr,
849 1066 929 1145 quod
949 1057 1150 1123 Aristodemus
1163 1054 1345 1135 legationem

122 1167 126 1175 ’
244 1184 305 1226 uon
317 1164 531 1236 renunciasset,
551 1176 618 1222 curn
633 1162 737 1222 eedem
750 1161 790 1219 de
803 1158 940 1236 Philippo
954 1176 971 1214 e
985 1153 1131 1214 Stratocle
1145 1147 1246 1209 reterri
1260 1141 1347 1203 sudi·

244 1267 319 1316 rent
340 1255 493 1317 Postremo
503 1265 634 1314 senatum
646 1251 799 1332 ingressus
816 1251 1006 1309 Democrates
1022 1241 1213 1326 Aphidnreus,
1227 1233 1345 1298 senstui

244 1359 348 1410 unctor
365 1359 413 1410 est
426 1347 607 1408 Aristodemi
621 1344 788 1405 mvocnndi.
810 1339 886 1400 Fuit»
899 1351 997 1401 entem
1016 1351 1079 1398 turn
1098 1345 1217 1396 senator
1232 1333 1347 1392 Demo·

245 1441 376 1513 sthenes,
387 1451 645 1502 accusetormens.
667 1436 844 1515 Progressus
857 1433 1067 1504 Aristodemus,
1082 1423 1259 1510 magnopere
1270 1443 1350 1504 prrs-

245 1533 356 1594 dicerit
363 1532 494 1610 Philippi
507 1529 755 1600 benevolentiam,
770 1523 859 1606 qunn'r
870 1545 943 1606 erge
953 1537 1083 1585 nostram
1095 1527 1198 1583 nibem
1213 1519 1346 1590 heberet,

245 1637 278 1686 et
295 1623 413 1705 adjecit,
427 1623 594 1704 Philippum
612 1622 700 1682 etism
720 1621 899 1682 metentem
912 1637 980 1678 cum
996 1615 1146 1698 republica
1160 1614 1239 1674 coire
1258 1611 1345 1672 velle.

247 1718 352 1796 Neque
366 1718 396 1776 in
410 1716 494 1776 curin
504 1716 649 1775 dunmst
661 1715 737 1784 heco,
750 1713 804 1774 sed
817 1722 846 1771 et
860 1729 915 1791 pro
926 1711 1067 1772 concione
1082 1703 1164 1768 dihit.
1187 1704 1286 1785 Atque
1307 1705 1348 1764 ibi

246 1809 319 1870 nihil
332 1820 437 1868 contre
456 1808 532 1868 dixit
551 1806 780 1878 Demosthenes,
800 1804 855 1866 sed
876 1813 907 1862 et
925 1821 1064 1863 coronam
1085 1791 1274 1860 Aristodemo
1294 1788 1351 1858 de·

247 1902 349 1964 mevit.
938 1909 942 1914 '
1229 1949 1233 1956 .

285 1994 317 2052 9.
329 1991 394 2052 ¹llis
414 1991 495 2069 opud
514 1992 654 2070 populum
669 1991 768 2058 dictis,
789 1990 920 2048 decrerit
940 1987 1133 2058 Philocrates,
1155 2005 1176 2044 x
1198 1987 1348 2066 legetose

247 2087 331 2147 vobis
344 2095 408 2143 esse
422 2082 577 2153 creandos,
587 2082 636 2160 qui
650 2100 717 2141 cum
732 2077 870 2159 Philippo
883 2080 922 2140 de
931 2095 1009 2159 pecc
1023 2089 1154 2158 agerent,
1168 2088 1199 2138 et
1211 2078 1246 2137 iis
1261 2079 1349 2138 rebus

247 2197 317 2258 quse
328 2193 367 2235 ex
379 2193 465 2252 oeqno
480 2173 703 2234 Atheniensium
715 2184 746 2232 et
760 2173 888 2254 Philippi
901 2173 1086 2232 interessent.
1107 2171 1242 2231 Decretis
1259 2191 1282 2230 x
1305 2173 1348 2232 le-

251 2270 340 2350 getis,
358 2287 415 2346 ego
428 2267 602 2346 designatus
615 2285 681 2325 sum
695 2285 715 2324 n
727 2263 881 2335 Neusicle,
903 2263 1117 2324 Demosthenes
1136 2283 1156 2324 n
1169 2260 1348 2336 Philoctete,

249 2381 336 2442 quern
351 2378 429 2419 nunc
438 2368 569 2417 rccuset
593 2357 637 2418 Er
649 2375 737 2433 porro
752 2357 902 2416 slecritete
915 2375 975 2415 rem
990 2355 1149 2434 gereudm
1162 2355 1301 2435 suscepit,
1315 2363 1349 2415 ut

249 2455 279 2514 iu
293 2461 399 2536 sesetu
413 2449 554 2508 serrheret
565 2468 623 2526 quo
637 2448 709 2507 citre
720 2467 806 2507 suurn
821 2445 1030 2507 detrimentem
1041 2447 1193 2507 nobiscum
1212 2447 1269 2507 iret
1282 2449 1348 2508 Ari·

206 2557 209 2563 '
250 2541 533 2618 stodemus,lsgntos
544 2539 688 2600 creandos
701 2557 768 2600 esse
781 2541 812 2599 in
825 2559 876 2600 ees
887 2543 984 2612 urbes,
999 2541 1028 2598 in
1041 2541 1147 2618 quibus
1160 2540 1349 2603 Aristodemo

186 2703 192 2711 ‚
250 2635 423 2700 comodum
445 2645 535 2704 esset,
547 2634 597 2713 qui
617 2634 744 2694 mulctes
757 2653 811 2713 pro
831 2651 866 2694 eo
880 2633 1117 2713 deprecarentur.
1143 2633 1219 2702 Qun
1232 2647 1266 2694 ut
1278 2653 1348 2695 vere

250 2737 459 2812 essenonstet,
471 2746 554 2788 sume
564 2728 693 2799 decreta,
707 2737 738 2786 et
749 2727 890 2805 scriptum
905 2726 1082 2786 Aristodemi
1091 2726 1290 2786 testimoninm
1301 2747 1347 2788 re·

250 2823 318 2894 cite,
331 2831 363 2883 et
375 2832 425 2880 eos
439 2819 586 2898 vocs,'qni
599 2819 655 2879 hec
665 2837 735 2878 enm
749 2819 955 2878 testificantem
967 2818 1133 2888 audierunt,
1148 2829 1182 2879 ut
1195 2820 1357 2900 scientio-1

250 2913 423 2992 dices,'quis
436 2913 524 2973 inerit
537 2911 713 2974 Philocratis
727 2911 850 2983 emictts,
865 2912 1013 2990 quiritem
1031 2911 1083 2990 qui
1101 2905 1299 2991 polliceretur,
1315 2933 1347 2974 se

249 3027 372 3070 munere
383 3005 572 3068 Aristodemo
583 3007 804 3086 impetreturnm
818 3023 884 3065 esse
897 3025 914 3064 e
926 3005 1046 3086 populo.
1108 3043 1111 3050 -

258 3157 519 3297 Juncesrure
537 3201 693 3261 strnue
713 3199 813 3260 rme
835 3199 1048 3286 suornm
1061 3185 1329 3302 russurrensis.

253 3339 352 3400 Primo
364 3339 454 3420 igitur
472 3342 563 3431 totius
577 3341 618 3404 rei
633 3343 864 3430 institutiones
883 3363 979 3418 nme,
993 3345 1079 3421 sede
1094 3344 1301 3422 ¹Demosthene
1319 3357 1350 3406 et

252 3427 633 3513 Philocteteestprolecte.
669 3470 673 3500 ι
776 3487 780 3497 .
816 3467 831 3505 ·,
977 3499 981 3514 ,
1042 3483 1051 3508 -,
1102 3434 1107 3511 f
1163 3482 1186 3508 v,

262 3532 266 3538 '
295 3526 345 3585 10.
366 3523 400 3584 ln
414 3526 562 3607 legatione
574 3546 662 3606 porro
674 3533 779 3588 mensu
788 3529 893 3591 eedem
905 3529 1057 3590 nobiscum
1072 3530 1116 3601 uti
1124 3531 1251 3605 shrdrsit,
1259 3530 1349 3608 idque

253 3639 313 3678 non
328 3637 346 3677 s
360 3639 407 3677 me
427 3619 563 3692 obtinuit,
577 3619 631 3680 sed
648 3620 751 3683 nmeis
765 3622 989 3700 convictoribus,
1004 3622 1041 3682 sl)
1062 3622 1350 3701 Aglaocreuntefl'e·

252 3703 350 3782 hodio,
362 3730 449 3789 quern
471 3713 589 3772 esociis
608 3713 795 3792 delegeratis,
811 3723 842 3774 et
854 3715 891 3774 eh
906 3713 1041 3777 leuude.
1068 3715 1136 3790 Jenr
1150 3715 1181 3775 in
1195 3715 1298 3775 itinere
1309 3716 1351 3776 eit

252 3823 300 3862 rne
315 3801 370 3862 sihi
383 3812 532 3862 auctorem
546 3804 637 3866 luisse
649 3803 756 3865 bellw
766 3805 959 3866 communiter
972 3806 1271 3888 cevende,.nimirum
1281 3806 1355 3871 Pht.

251 3887 371 3956 l'ocretis
380 3893 400 3954 ι’
410 3906 606 3956 commentum
620 3899 759 3958 reserens.
769 3975 771 3982 Ι
782 3898 850 3966 Quo
860 3910 949 3978 pecto
961 3899 1042 3960 enirn
1052 3918 1109 3979 ego
1121 3899 1350 3960 Demosthenem

253 3982 356 4050 eontra
369 3985 564 4075 Philocratem
574 3991 782 4062 concitassem,
796 3991 1000 4074 quemecirem
1011 4003 1045 4050 et
1058 3992 1273 4070 patrocinetum
1286 4009 1354 4054 esso

216 4117 219 4124 ·
254 4075 413 4143 Philocrati
423 4084 452 4143 iu
466 4080 637 4144 violetemm
651 4083 753 4165 legum
764 4084 891 4156 notione,
899 4095 930 4145 et
942 4086 1074 4166 legatum
1086 4107 1105 4148 e
1118 4085 1288 4160 Philocrate
1298 4087 1353 4146 de·

252 4172 420 4253 signatumi
440 4171 589 4236 Preteree
601 4195 661 4236 non
675 4176 706 4234 in
727 4175 901 4258 huiusmodi¹
911 4177 1056 4256 duntaxat
1075 4179 1169 4248 uerhis
1183 4197 1238 4241 nos
1251 4179 1351 4257 legati,

253 4267 308 4358 sed
320 4268 350 4324 in
364 4277 427 4327 toto
448 4268 550 4328 itinere
565 4267 689 4328 tolerare
707 4269 802 4329 coacti
821 4288 929 4352 sumus,
945 4270 1185 4350 Demosthenen,
1203 4260 1357 4334 hortriuem¹

251 4347 465 4418 intolerahilem
479 4371 511 4420 et
519 4359 686 4422 molestum.
709 4359 787 4424 Nem
803 4381 869 4426 cum
879 4381 933 4422 nos
948 4361 1352 4444 legeti'tuediteremurffluid

253 4445 338 4514 nobis
352 4451 509 4514 dicendum
522 4465 611 4527 esset,
620 4465 657 4516 et
669 4455 755 4516 Cimo
766 4455 899 4532 dixisset,
908 4457 1001 4520 vereri
1012 4477 1056 4532 se,
1069 4477 1106 4527 oe
1120 4457 1360 4538 Phlipnrsjrrs·
