2967 5017
477 291 532 394 'm
553 318 889 396 matronensem
1175 343 1230 399 an

136 481 291 563 -babeaqoe
322 485 403 547 ande
427 486 627 568 voluptatibus
651 489 711 549 tuis
738 499 887 571 sumptum
911 511 1063 572 suggeras,
1090 505 1121 554 et
1145 495 1233 556 utin

139 578 379 661 eumanadicam,
393 597 496 640 aurum
509 582 621 662 Quor
634 581 716 662 apud
727 583 829 656 istum,
837 585 966 664 pericula
981 605 1073 665 penes
1086 605 1140 647 vos
1153 599 1231 648 sunt.

182 671 232 729 89.
253 671 362 751 Operae
379 691 449 734 vero
461 675 587 753 pretium
597 683 654 751 est,
665 685 699 734 et
707 676 872 737 vecordiam
883 697 983 738 eorum
992 689 1134 758 spectare.
1158 681 1236 740 Nam

138 761 167 820 si
181 761 342 842 Ctesiphon
364 765 592 827 Demosthenem
614 767 760 828 advocare
774 786 864 828 susus
880 769 968 830 luerit
987 773 1066 850 apud
1079 791 1132 832 vos
1145 774 1236 833 verbe

136 851 295 928 femorum,
309 859 335 918 is
356 870 453 920 autem
475 878 641 920 conscenso
654 869 799 939 suggestu
822 861 950 940 seipsum
963 863 1099 934 laudarit,
1121 865 1236 944 gravim

138 945 194 1004 erit
204 946 277 1026 ipsis
289 950 434 1024 cladibus,
442 971 518 1031 qaas
530 952 660 1032 pennensi
672 953 754 1022 estis,
769 952 869 1012 audita
882 953 938 1014 iata
951 956 1054 1016 oratio.
1076 952 1154 1016 Nam
1167 975 1234 1017 cam
1322 1011 1326 1036 Ι

130 1054 191 1096 eos
210 1039 262 1116 qui
282 1059 384 1100 revera
399 1051 472 1101 aunt
487 1042 747 1113 viri-exceltentes,
760 1060 885 1120 quorum
904 1045 1012 1105 multas
1027 1058 1057 1105 et
1078 1048 1234 1125 praeclams

136 1147 205 1189 esse
238 1150 286 1191 res
312 1143 412 1211 gestas
438 1135 531 1212 probe
555 1133 673 1204 animm
698 1133 723 1191 ai
745 1132 848 1195 laudes
879 1137 935 1214 ipsi
968 1155 1048 1198 suaa·
1063 1139 1235 1218 praedicent,

139 1239 201 1280 aon
220 1225 418 1286 sustinentes:
443 1223 497 1283 ubi
521 1225 547 1283 is
575 1223 675 1302 bomo,
696 1225 747 1303 qui
775 1225 943 1305 reipublice)
964 1229 1149 1310 opprobrium
1170 1232 1235 1304 suit,

138 1313 270 1393 ιοίμυηι
282 1317 420 1377 laudibus
433 1315 538 1376 efferre
550 1317 683 1396 caeperit,
697 1317 764 1395 quis
780 1336 818 1377 ea
828 1319 977 1398 patienter
991 1321 1092 1381 audire
1104 1323 1234 1401 poterit?

136 1407 186 1465 Ab
198 1407 361 1486 impudenti
378 1409 468 1488 igitur
481 1409 625 1482 instituto,
639 1409 665 1469 si
679 1410 768 1489 sepis,
784 1410 928 1479 desistens
949 1429 1129 1492 mutamque
1141 1424 1234 1489 tuam,

139 1497 309 1578 Ctesiphon,
322 1501 385 1580 ipse
399 1501 553 1562 defendes.
587 1501 691 1582 Neque
712 1502 790 1562 enim
803 1503 861 1563 boc
874 1503 987 1564 scilicet
999 1513 1143 1584 praetextu
1158 1506 1235 1568 inni·

130 1590 219 1664 -teris,
228 1601 259 1652 te
270 1611 331 1663 non
343 1614 412 1655 esse
423 1594 541 1656 dicendi
549 1595 685 1675 peritum.
707 1584 845 1674 Namque
853 1596 1010 1656 absurdum
1022 1596 1073 1655 tibi
1084 1597 1235 1672 acciderit,

135 1683 270 1764 mnupsr
281 1687 401 1764 quidem
414 1696 447 1746 te
460 1687 591 1766 legatum
604 1689 644 1747 ad
665 1686 854 1767 Cleopatram
873 1687 1002 1768 Philippi
1024 1683 1113 1748 tiliam
1133 1692 1234 1770 populi

137 1775 283 1869 suffragiis
296 1780 388 1839 creari
406 1799 514 1861 passm
536 1801 580 1854 es,
599 1790 634 1840 ut
655 1800 774 1841 eumen
792 1781 830 1840 de
849 1781 1013 1842 Alexandri
1036 1782 1234 1848 Molossorum

135 1867 213 1945 regis
225 1867 344 1930 interim
355 1871 538 1943 condoleres,
548 1891 629 1932 nane
636 1881 735 1932 antem
746 1883 776 1931 te
785 1871 903 1932 dicendi
913 1871 1053 1934 facultate
1061 1873 1234 1936 instructum

136 1975 204 2019 esse
230 1963 365 2041 negabis.
406 1962 562 2025 Mulierem
589 1963 677 2044 igitur
702 1964 885 2044 peregrinam
913 1965 1063 2044 lugentem
1089 1967 1234 2028 consolari

134 2061 233 2129 potes,
247 2055 358 2135 scripto
369 2067 469 2119 eutem
479 2058 534 2117 abs
548 2067 577 2117 te
589 2056 733 2118 mercedis
745 2076 815 2138 ergo
828 2056 981 2137 plebiscito
994 2066 1024 2119 te
1033 2059 1096 2139 ipse
1108 2077 1168 2120 non
1180 2059 1233 2120 de-
1362 2116 1364 2118 ,

135 2142 264 2206 tendent
761 2187 765 2192 -
1124 2181 1129 2192 =
1240 2199 1252 2219 ,

175 2238 226 2299 90.
254 2242 303 2300 An
315 2261 384 2301 sero
400 2242 468 2302 talis
481 2251 530 2302 eat
548 2241 575 2302 ia
596 2261 685 2321 quem
698 2259 809 2305 corone
827 2240 998 2301 donandum
1019 2241 1185 2316 decrevisti,
1198 2253 1233 2303 ut

134 2329 174 2388 ab
185 2330 222 2390 iis
234 2331 266 2392 in
277 2344 353 2413 quoa
360 2335 505 2394 beneficia
512 2335 637 2394 eontulit
645 2335 804 2412 ignormur,
810 2333 871 2392 nisi
878 2334 944 2412 quis
956 2351 989 2393 se
1001 2333 1095 2393 tibiin
1106 2335 1233 2396 dicendo

131 2422 297 2501 adjutorem
311 2427 464 2505 prebent
484 2427 663 2488 Percontare
671 2425 797 2506 judices,
810 2427 951 2486 norintne
961 2425 1130 2498 Chabriam,
1152 2425 1232 2505 lplai·

131 2525 252 2587 cratem,
266 2516 462 2586 Timotheum,
483 2527 515 2575 et
536 2537 637 2595 quoere
660 2520 699 2577 ab
718 2517 765 2590 iis,
785 2537 846 2597 que
864 2518 903 2577 de
923 2536 1016 2578 causa
1033 2517 1153 2597 praemia
1174 2517 1232 2580 illis

130 2597 285 2671 tribuerint
296 2607 499 2684 imaginesque
518 2606 700 2667 collocarint.
721 2607 835 2664 Omnes
855 2609 908 2665 tibi
924 2627 987 2667 arno
1001 2628 1051 2668 ore
1070 2610 1231 2688 responde-
1275 2685 1279 2696 Ι

131 2699 216 2768 bunt,
232 2697 370 2755 Chabriae
383 2699 507 2754 honorem
520 2717 673 2754 comem
692 2697 731 2754 ob
745 2695 880 2763 navalem
903 2715 969 2754 eam
991 2698 1030 2756 ad
1044 2699 1161 2758 Naxum
1175 2719 1230 2778 pu-

42 2783 45 2794 ¹
133 2807 232 2867 guen,
244 2786 382 2866 lpbierati
391 2787 472 2865 qnod
483 2789 600 2845 Morem
612 2783 901 2844 Lacedaemoniorum
911 2785 1062 2858 occiderit,
1074 2788 1231 2866 Timotheo

132 2887 250 2959 propter
262 2878 478 2957 navigationem
490 2875 571 2936 illam
584 2877 624 2938 ad
635 2875 795 2955 Coroym
806 2877 981 2950 immadem
992 2879 1105 2938 ceteris
1117 2880 1229 2953 itidem,

129 2989 255 3049 qnorum
268 2969 376 3030 multas
388 2968 512 3048 quisque
525 2987 573 3028 nes
586 2988 622 3028 ac
638 2967 796 3047 praeclaras
814 2967 894 3026 bello
908 2969 1084 3030 confeceret.
1111 2971 1152 3031 Aa
1165 2971 1228 3034 De·

130 3062 277 3122 moetbeni
289 3062 439 3141 praemium
452 3061 645 3138 quamobrem
657 3057 802 3129 tribuetis,
817 3058 921 3146 si'quis
936 3061 1041 3138 roget?
1062 3062 1151 3130 Quod
1163 3085 1228 3125 nau-

130 3155 249 3216 neribus
259 3153 522 3233 corruptns‚·quod
534 3151 655 3212 timidus
669 3151 718 3222 sit,
731 3149 812 3231 quod
824 3149 921 3212 locum
936 3151 966 3209 in
981 3153 1043 3212 acie
1057 3153 1227 3218 deseruerit

132 3248 237 3307 Unam
256 3247 346 3325 igitur
364 3246 433 3306 huie
456 3246 595 3307 bonorem
615 3243 773 3316 habebitis,
793 3260 832 3301 eu
853 3241 952 3322 potius
973 3253 1005 3304 et
1023 3263 1076 3305 ros
1092 3246 1174 3326 ipsos
1196 3259 1229 3310 et
1306 3239 1310 3246 ¹

126 3340 246 3419 eosqui
260 3357 314 3419 pro
325 3339 409 3398 vobis
422 3339 452 3396 in
465 3338 567 3417 praelio
579 3339 783 3397 occubuerunt
798 3335 961 3414 ignominia
973 3337 1128 3398 efficietis?
1150 3359 1227 3420 quos

126 3432 295 3510 uaginvoa
306 3430 405 3490 ridere
414 3429 537 3509 indigns
547 3431 674 3488 ferentes
688 3439 721 3490 et
731 3427 917 3505 quiritantea,
930 3428 955 3488 ai
969 3427 1024 3490 iste
1033 3432 1228 3496 coronabitur.

128 3525 277 3585 Acerbum
289 3524 392 3604 utique
409 3523 484 3582 illud
502 3533 592 3596 esset,
606 3519 815 3591 Athenienses,
831 3521 975 3599 siquidem
996 3520 1087 3601 ligne,
1102 3523 1226 3602 lapides,

127 3619 247 3690 manem,
259 3637 306 3677 rea
317 3625 416 3677 motas
430 3634 579 3695 sensuque
591 3622 736 3687 carentes,
750 3612 776 3672 si
790 3632 876 3692 quern
890 3612 1013 3692 delapsa
1022 3613 1226 3690 exanimarint,

126 3711 372 3781 exterminemus3
392 3709 525 3789 ejusque,
539 3709 591 3787 qui
608 3708 667 3767 sibi
687 3725 792 3767 necem
814 3704 996 3778 consciverit,
1016 3725 1135 3768 menum
1157 3729 1224 3788 quae

126 3801 188 3861 boc
207 3802 355 3864 commisit
374 3803 530 3883 separatim
553 3800 744 3881 sepeliamus:
767 3798 1005 3871 Demosthenem,
1029 3819 1106 3873 enm,
1132 3801 1225 3862 Athe·
1280 3851 1286 3864 .

112 3887 256 3969 'nlenten
268 3897 321 3974 qui
343 3896 477 3956 υὶῐίωιω
489 3893 568 3954 hanc
580 3893 798 3976 expeditionem
814 3891 954 3964 decrerit,
967 3892 1017 3971 qui
1036 3891 1144 3952 milites
1157 3915 1223 3974 pro·
1282 3901 1286 3908 '

127 3986 213 4061 didit,
221 3988 332 4049 bonore
344 4008 397 4049 sca
407 3987 560 4049 ornabitis.
582 3987 664 4068 Ergo
674 3985 855 4046 contumelia
867 3979 1032 4046 afficiantur
1043 3983 1160 4058 morum
1167 3986 1223 4045 uiri

125 4079 413 4161 addesperetionem
434 4081 602 4160 adiguntur,
620 4099 690 4140 eam
709 4077 831 4139 rideant
848 4077 949 4172 virtuu'
969 4077 1087 4157 quidem
1099 4087 1223 4138 mertem

125 4191 193 4233 ease
204 4176 356 4252 premium
370 4175 558 4254 propositum,
571 4172 740 4232 memoriam
755 4181 852 4232 autem
866 4189 949 4232 suam
961 4167 1087 4230 interire.

141 4280 144 4287 ’
165 4267 217 4326 ol.
237 4267 307 4328 Jem
319 4268 399 4347 quod
412 4278 459 4328 est
471 4267 600 4328 omnium
620 4267 791 4341 annianum,
805 4265 831 4326 si
844 4265 953 4326 anobis
967 4272 1107 4342 quaerant·
1120 4263 1220 4324 adole·

125 4368 253 4431 scentes,
267 4359 418 4438 numnam
438 4361 477 4420 ad
490 4361 658 4438 exemplum
677 4358 768 4420 uitem
785 4377 868 4420 suam
881 4357 1065 4420 conmanere
1078 4355 1218 4429 debeant,
1263 4439 1266 4446 Ι

124 4451 197 4530 quid
209 4449 271 4512 sim
284 4451 521 4532 pronuntiaturil
542 4453 640 4514 Probe
654 4450 732 4512 οιιὶω
753 4451 860 4525 nosue,
872 4467 931 4510 non
944 4451 1091 4530 pmoestra,
1105 4468 1164 4510 non
1184 4449 1218 4508 li·
