2967 5017
104 726 110 739 .
166 630 321 700 LIBANII
342 637 656 791 ARGUMEiiiidi
670 638 896 796 OMRATIONIS
917 638 1096 702 CONTRA

660 736 684 796 Α
722 777 731 793 .

118 908 156 960 lin
166 912 226 960 hano
237 911 361 961 orationem
373 926 417 960 non
428 916 574 975 potestesse
584 912 757 968 Demosthenis,
768 912 832 973 qnod
847 918 872 959 et
885 910 968 975 supin
978 910 1018 968 sit,
1026 916 1052 959 et
1062 911 1143 961 maltis
1154 911 1178 960 in

87 984 146 1034 loeis
157 986 183 1035 vi
192 988 264 1036 nmini
275 988 374 1037 entonis
383 988 483 1037 tensior.
517 990 685 1051 Argumentum
699 995 777 1037 sotere
786 988 832 1035 tels
842 987 920 1035 umet
950 988 1016 1049 1230
1030 986 1140 1051 janeus,
1151 989 1181 1038 si

87 1060 161 1108 rire
176 1063 367 1113 Atheniensi
387 1064 698 1127 mulierperegrins
714 1063 882 1126 nupserit,
901 1068 988 1122 ¹utos
1010 1064 1182 1123 vendetur.

86 1151 117 1184 ex
134 1138 497 1203 hsclschescrsmsppredimr
507 1141 681 1196 emoniensis,
696 1154 748 1188 eenn
764 1138 790 1187 in
800 1138 946 1187 mauimosio
959 1153 1012 1186 esse
1022 1140 1133 1202 Stephsni
1143 1141 1181 1188 di·

86 1228 153 1271 com,-
161 1231 213 1264 onm
223 1216 307 1265 aneilla
318 1217 434 1265 memte
447 1217 528 1274 inerit,
538 1224 563 1264 et
578 1222 646 1265 antes
656 1224 770 1279 questum
783 1210 881 1277 corpore
891 1214 983 1271 iecerit,
995 1231 1056 1263 nuno
1066 1232 1119 1264 esse
1128 1216 1180 1265 Ste-

88 1288 154 1348 phani
165 1299 259 1339 matrem
271 1290 379 1349 familias,
390 1290 431 1353 qni
441 1307 471 1337 ex
482 1308 510 1339 se
524 1292 611 1339 liberos
622 1291 761 1355 susceperit.
792 1294 851 1353 Ques
860 1290 992 1353 Stephsnns
1007 1292 1070 1339 lssed
1079 1293 1181 1342 ieteturs

86 1370 154 1426 etque
166 1382 216 1415 cem
227 1368 289 1427 spnd
299 1382 325 1415 se
337 1365 480 1423 oosonbina,
490 1382 535 1415 non
544 1368 627 1415 uxoris
638 1382 690 1416 esse
700 1368 753 1415 loco
763 1367 829 1425 dicit,
837 1383 911 1430 neque
922 1382 952 1415 ex
960 1380 990 1415 es
998 1367 1046 1416 sibi
1052 1374 1181 1417 ntum

86 1439 180 1491 enm.
211 1445 282 1503 Quod
302 1450 423 1491 sumator
440 1458 587 1506 oppugnans,
597 1456 642 1491 nnn
660 1444 741 1507 paneis
751 1443 1056 1505 manicemus,
1070 1458 1181 1493 numa·

87 1522 144 1565 trem
155 1518 254 1569 familias
264 1519 301 1567 illi
310 1534 372 1567 esse.
403 1519 441 1568 Fit
449 1519 520 1581 igitur
531 1528 606 1569 stetu·
615 1519 725 1569 orationis
732 1519 904 1581 conjecturalis.
929 1521 989 1566 Nam
999 1518 1098 1581 questio
1106 1506 1181 1580 nequi

86 1593 114 1639 de
126 1596 271 1657 proprietate
279 1605 324 1653 ent,
334 1612 408 1658 neque
418 1598 448 1643 de
459 1596 578 1658 qualitate,
589 1596 711 1645 neddere.
735 1598 771 1644 Ao
781 1595 879 1659 primam
888 1595 997 1643 orationis
1008 1601 1095 1656 partem
1103 1594 1179 1661 Tneo3

86 1679 189 1718 nuestus
200 1670 295 1719 recitet:
313 1671 396 1719 deinde
414 1682 535 1735 patronum
545 1672 713 1735 Apollodorum
725 1680 795 1719 voest
811 1685 918 1720 socerum
937 1686 1013 1719 snum.
1045 1670 1071 1718 ls
1087 1684 1179 1717 oausam

83 1755 186 1807 perorat.

357 2185 899 2273 DEMOSTHENIS

296 2410 585 2487 CONTRA
644 2410 963 2487 NEAERAM

530 2621 727 2689 ORATIO.

100 2840 102 2843 -
127 2807 151 2865 l.
171 2804 301 2867 Munnn
321 2805 403 2866 fuere
415 2826 481 2886 quoe
501 2826 548 2866 me
560 2805 754 2879 hortarentur,
768 2806 973 2878 Athenienses,
986 2804 1026 2866 ad
1039 2804 1178 2868 Neseram

92 2891 142 2956 hoo
158 2898 273 2978 judicio
295 2899 544 2970 accusandam,.et
556 2898 660 2959 vestris
671 2897 824 2959 sententiis
839 2897 1059 2978 subjiciendem.
1100 2898 1178 2957 Nam

91 2988 266 3071 aStepheno
279 2992 393 3071 magnis
413 2990 523 3070 injuriis
537 2989 635 3051 effecti
654 3010 765 3063 sumus,
778 3000 809 3051 et
821 2990 852 3051 in
868 3000 999 3051 extreme
1012 2990 1180 3052 discrimine

90 3095 137 3154 per
147 3102 217 3145 eum
230 3081 362 3156 adducti,
372 3094 403 3144 et
411 3102 494 3145 socer
503 3103 596 3161 meus,
605 3092 635 3143 et
643 3092 751 3163 ego,et
763 3102 855 3157 soror,
868 3092 900 3143 et
911 3102 983 3144 uxor
994 3101 1074 3151 mem
1088 3101 1179 3163 quere

91 3166 118 3229 in
129 3191 217 3237 cause
237 3176 295 3237 hac
308 3194 369 3236 non
383 3196 401 3237 a
414 3197 461 3237 me
477 3176 638 3249 lacessitur,
652 3175 707 3237 sed
720 3185 839 3256 propter
851 3175 1025 3256 exigendam
1039 3175 1178 3239 ultionem

92 3278 246 3329 accusatur.
287 3267 318 3327 N
319 3288 366 3329 am
373 3267 537 3330 inimicitias
549 3268 606 3330 iste
616 3268 692 3330 ultro
704 3269 874 3348 auspicatus
886 3278 942 3341 est,
956 3267 1037 3329 nullo
1048 3286 1180 3349 unquam
1273 3320 1275 3323 Α

92 3360 198 3420 anobis
208 3362 257 3422 vel
271 3360 360 3433 dicto,
374 3359 420 3421 vel
432 3362 513 3423 iacto
526 3362 627 3422 lassus.
647 3361 814 3440 Antequam
824 3370 921 3421 autem
932 3360 970 3424 ad
982 3380 1043 3421 rem
1051 3361 1176 3433 veniam,
1207 3410 1213 3422 Ι

92 3447 155 3523 quid
177 3454 222 3513 eb·
239 3472 276 3514 eo
293 3452 427 3533 perpessi
440 3454 541 3526 simus,
556 3465 589 3514 ut
611 3452 681 3513 milri
701 3452 768 3533 plus
780 3452 873 3513 venite
885 3452 1018 3513 tnbuads
1038 3452 1177 3515 ultionem

92 3547 332 3619 expetentium
346 3547 376 3606 in
389 3554 520 3607 extreme
532 3544 661 3625 periculo
683 3564 738 3606 nos
753 3544 912 3625 conjecerit
929 3544 1032 3625 patrie
1050 3544 1179 3624 dignite-

92 3628 467 3713 tlsqueamittendse,vobis
481 3638 646 3719 explicabo.
1139 3700 1142 3707 ,

126 3727 153 3785 2·
173 3729 250 3790 Cum
263 3732 390 3812 populus
403 3731 522 3791 decreto
535 3731 655 3791 lecisset
668 3729 881 3793 Atheniensem
894 3728 1061 3801 Pesioncm,
1073 3740 1106 3789 et
1123 3747 1177 3806 po·

92 3822 176 3879 suros
195 3826 273 3902 ejus,
296 3832 414 3903 propter
436 3823 546 3884 collate
566 3822 629 3902 ejus
653 3821 684 3883 in
705 3821 913 3902 rempublicam
928 3819 1082 3892 beneficia,
1094 3828 1178 3899 pater

92 3921 197 3990 quoque
218 3934 313 3989 meus,
335 3916 435 3997 populi
459 3914 617 3993 donatione
639 3915 811 3995 approbata,
835 3913 1016 3995 Apollodoro
1034 3914 1099 3989 ejus
1116 3911 1177 3971 tilio

91 4014 200 4066 uxorem
211 4008 295 4069 dedit
307 4008 396 4068 filiam
412 4027 511 4080 suarn‚.
520 4026 648 4068 sororem
662 4026 793 4079 meam,e
805 4026 865 4085 qua
876 4007 983 4068 liberos
993 4023 1067 4084 quos
1077 4004 1177 4077 habet,

94 4090 286 4171 Apollodorus
300 4101 439 4181 suscepit.
481 4100 557 4161 Oum
571 4110 669 4162 eutem
680 4098 892 4181 Apollodorus,
904 4110 935 4160 et
952 4100 982 4159 in
994 4116 1134 4170 sororem,
1146 4106 1184 4158 et

93 4198 140 4245 tos
153 4208 254 4254 omncs
266 4194 414 4273 benignus
428 4202 514 4264 esset,
525 4212 636 4273 nosque
649 4212 751 4255 revera
763 4190 944 4254 necessarios
956 4201 989 4252 et
999 4189 1177 4251 domesticos

92 4270 215 4355 duceret,
227 4286 380 4366 omnisque
394 4285 470 4345 inter
488 4304 543 4345 nos
561 4294 660 4346 essent
672 4284 893 4357 communia‘et
904 4298 961 4363 ego
975 4302 1094 4349 uxorem
1107 4282 1177 4344 duxi

92 4364 255 4445 Apollodori
277 4378 380 4451 filiam,
399 4396 493 4439 meam
517 4396 556 4438 ex
579 4398 675 4441 sorore
694 4388 823 4458 neptem.
863 4376 1026 4456 Progressa
1040 4376 1178 4457 temporis

90 4468 256 4531 scestoniam
279 4469 455 4551 ¹dignitatem
486 4472 605 4534 sortitur
627 4470 834 4557 Apollodorus.
873 4472 1068 4559 Apprebetus,
1081 4467 1183 4548 legitig
