2967 5017
372 311 378 318 ’
473 350 526 410 ru
548 322 885 412 orusrrrsouru'si.
972 297 975 302 ⁵
1175 311 1231 410 sua

136 522 204 583 qurs
215 503 305 562 insit's
316 520 383 564 essu
397 503 525 564 debeant
537 503 569 564 in
581 487 699 582 ἰιςοιιῖο
712 505 765 564 riri
775 505 923 584 popularis
938 523 972 563 ac
991 503 1144 575 moderati,
1156 521 1233 580 eque

137 590 241 654 contra
257 613 376 672 ponam,
394 595 511 672 qualern
529 613 596 656 esse
616 596 771 656 uerisimile
785 597 825 655 sit
836 597 989 656 *bominem
1007 613 1166 673 paucorum
1180 613 1235 673 po·

137 686 240 746 tentius
253 687 418 746 studiosum
432 697 521 765 atque
533 689 716 766 improbum:
736 707 800 756 vos.
816 686 861 748 his
878 687 994 746 duobus
1014 687 1089 746 inter
1103 705 1135 744 se
1153 705 1234 744 cnm·-

137 778 257 857 psretis‚
271 786 405 858 spectate
412 781 475 860 jam
488 779 568 848 mihi,
581 797 641 839 non
654 779 750 857 qualis
764 779 866 856 lingue
880 780 928 856 sit,
943 779 994 838 sed
1013 777 1129 858 qualem
1146 779 1235 836 vitam
1331 838 1333 844 ,

140 871 242 948 egerit.
395 901 398 906 ·
1041 914 1046 924 .

178 963 229 1020 65.
251 960 315 1020 Vos
336 960 425 1038 igitur
440 949 544 1022 omues
557 962 681 1022 arbitror
696 961 767 1022 mibi
781 979 963 1030 assensuros,
977 961 1042 1020 hsee
1066 960 1096 1018 in
1118 959 1236 1022 homine

138 1052 274 1135 populari
286 1051 383 1112 inesse
396 1062 542 1130 oportere.
573 1052 703 1112 Primum
719 1060 753 1110 ut
774 1071 791 1112 a
808 1063 929 1131 peterna
942 1063 1129 1130 maternaque
1146 1051 1236 1128 stirpe

138 1144 213 1204 liber
222 1143 271 1215 sit,
284 1163 323 1203 ne
334 1145 373 1202 ob
388 1145 504 1222 pneris
523 1144 713 1204 infortunium
728 1143 859 1204 infensus
873 1144 910 1203 sit
926 1145 1050 1222 legibus,
1069 1164 1137 1222 qum
1156 1153 1238 1222 pote·
1260 1147 1262 1152 ’

139 1245 243 1295 statem
255 1236 357 1314 populi
368 1244 496 1296 tuentur.
524 1234 641 1294 Deinde
651 1245 684 1292 ut
698 1237 882 1308 amaloribus
897 1236 956 1294 suis
966 1234 1172 1324 alicujuserge
1183 1252 1236 1311 po·

139 1327 242 1404 pulum
250 1325 453 1386 beneficentias
466 1327 667 1386 hereditatem
681 1326 894 1406 receperitve}
910 1327 990 1403 quod
1004 1338 1051 1386 est
1063 1345 1174 1386 summe
1185 1344 1236 1384 nes

140 1417 300 1477 oesssriuns
324 1416 433 1476 nullius
452 1417 621 1490 inimicitius,
635 1437 673 1478 ne
693 1418 895 1478 calamitatum
909 1417 939 1476 in
954 1436 1027 1495 quas
1048 1417 1172 1496 majores
1192 1418 1236 1476 iu·

140 1507 277 1574 ciderunt
289 1525 323 1568 se
344 1507 490 1571 uindicem
503 1511 648 1587 prebens,
666 1509 774 1568 nidum
796 1498 932 1568 moliatur
945 1507 1065 1566 civitati.
1094 1503 1190 1566 Tertio
1205 1517 1239 1564 ut

140 1599 170 1660 iu
177 1599 340 1675 quotidiani
347 1599 445 1659 rictus
459 1601 570 1662 ruuoue
583 1610 689 1661 natura
697 1601 775 1679 l'rugi
786 1602 824 1661 sit
835 1621 871 1661 ac
881 1611 1059 1678 temperans,
1070 1617 1107 1658 ne
1120 1598 1159 1656 ob
1172 1607 1237 1676 pet·
1318 1676 1325 1684 ,
1345 1643 1349 1648 .

141 1689 232 1752 ditum
245 1691 276 1750 iu
289 1691 453 1769 sumptibus
466 1692 621 1769 nequitiam
636 1691 805 1770 largitiones
819 1701 922 1752 contra
934 1691 1143 1769 rempublicam
1158 1688 1237 1760 acci·
1330 1695 1332 1702 '

142 1770 213 1858 piat.
234 1781 349 1848 Quarto
361 1790 394 1840 ut
406 1792 438 1840 et
454 1784 500 1842 sir
511 1785 609 1842 bonus
620 1783 659 1842 sit
671 1793 702 1841 et
723 1782 840 1842 dicendi
853 1782 963 1861 peritus
975 1801 983 1841 r
1004 1782 1179 1860 praeclarum
1192 1789 1239 1839 est
1278 1813 1291 1836 s

140 1873 218 1938 euim
232 1883 329 1934 mente
340 1884 371 1933 et
385 1873 509 1934 consilio
521 1893 569 1933 res
580 1874 706 1952 optimus
716 1873 824 1957 eligere
837 1874 993 1949 surdusque
1003 1872 1164 1932 eruditione
1173 1891 1238 1933 ors·

141 1965 217 2028 toris
228 1975 261 2026 st
272 1964 390 2028 dicendi
403 1964 543 2046 facultate
556 1967 722 2026 instructore
736 1965 915 2026 auditoribus
929 1966 1052 2044 probare
1066 1985 1173 2044 posse:
1193 1966 1239 2024 sin

141 2056 238 2120 minus
250 2056 292 2120 ita
305 2057 467 2134 contingat,
476 2058 576 2134 utique
589 2059 669 2118 bone
680 2075 764 2117 meus
780 2057 986 2136 anteponenda
996 2055 1171 2134 eloquentia
1183 2049 1239 2117 est.

143 2149 255 2216 Quinto
267 2150 334 2210 forti
351 2151 449 2212 auimo
470 2169 534 2210 esse
556 2159 681 2229 oportet.
703 2170 741 2211 ue
759 2151 791 2210 in
812 2155 975 2230 temporum
996 2151 1138 2230 angustiis
1159 2161 1190 2210 et
1208 2152 1238 2210 in

141 2240 225 2301 bellis
238 2241 382 2319 populum
394 2240 523 2302 &serat
563 2243 604 2300 At
617 2241 727 2302 bomini
740 2260 900 2320 paucorum
918 2242 1057 2320 potentiae
1070 2241 1178 2306 latenti
1192 2241 1237 2301 his

141 2331 276 2394 omuibus
289 2332 414 2394 aduersu
427 2351 493 2394 esse
513 2333 612 2399 studia
623 2332 780 2400 conuenit:
801 2332 873 2412 quid
886 2335 962 2394 euius
983 2351 1018 2394 eu
1039 2333 1122 2394 robis
1135 2333 1238 2398 iterare

142 2441 219 2500 opus
231 2422 301 2487 est?
987 2427 989 2432 '

182 2514 233 2572 56.
259 2513 329 2574 Jsrn
352 2531 421 2573 vero
432 2513 579 2591 dispioits,
593 2515 741 2591 quoduam
756 2535 793 2576 eu
807 2515 853 2575 his
871 2515 942 2576 insit
960 2516 990 2576 in
1009 2515 1237 2582 Demosthenes

143 2606 323 2670 mlioautem
336 2622 453 2667 summa
464 2624 531 2668 euru
545 2607 683 2684 equuus
693 2608 884 2666 subducatur.
915 2607 993 2666 Huic
1006 2617 1091 2685 peter
1104 2618 1167 2666 erat
1176 2608 1237 2666 nu

143 2699 313 2764 mosueees
328 2697 520 2770 Pueuulensis,
529 2697 573 2758 sir
582 2698 730 2776 ingenuus
744 2697 997 2775 quidem—neque
1007 2697 1084 2756 enim
1098 2700 1240 2757 mentiens

144 2789 215 2851 dum
225 2799 327 2851 est-z
349 2787 403 2848 sed
421 2808 441 2848 a
453 2794 585 2850 materno
599 2788 703 2866 suique
717 2788 840 2850 materni
859 2807 966 2866 gessere
981 2789 1128 2867 quomodo
1141 2809 1173 2849 se
1187 2789 1239 2848 ha-

143 2879 235 2950 baetl
257 2881 322 2958 Ego
338 2880 400 2958 jam
424 2899 579 2960 exponam.
622 2879 702 2958 Gylo
724 2880 844 2958 quidem
865 2891 928 2940 erut
951 2880 1143 2940 Ceremenris.
1183 2879 1240 2940 llic

146 2971 311 3051 Nymphaeo
323 2973 404 3050 quod
417 2973 448 3034 in
462 2973 558 3035 Ponto
570 2981 626 3045 est,
639 2991 700 3050 quo
710 2982 842 3050 tempore
856 2971 996 3050 oppidum
1009 2970 1082 3033 illud
1096 2972 1239 3032 cirltssiu

143 3063 255 3130 ditione
268 3083 323 3124 sua
336 3066 463 3133 tenebat,
476 3065 613 3126 hostibus
636 3063 762 3142 prodito,
784 3062 899 3124 delatus
912 3065 992 3122 'urbs
1006 3063 1160 3132 exsulavit,
1172 3083 1238 3122 oum
1357 3047 1361 3054 ’

86 3193 96 3205 ·
143 3155 247 3234 nemu·
260 3155 415 3217 damnatus
425 3153 528 3232 judicii
541 3173 658 3232 poeusm
673 3163 956 3231 nonexspectesset.
979 3155 1059 3214 Hinc
1075 3154 1238 3232 Bosporum

123 3237 134 3248 ⁹
144 3246 361 3316 abscessuum
374 3246 533 3310 Hortorum
545 3246 596 3322 qui
605 3256 750 3306 rorantur
760 3265 779 3304 e
788 3246 917 3323 tyrannis
928 3247 1111 3326 largitionem
1121 3253 1239 3318 sactus,

144 3355 267 3401 uxorem
281 3338 363 3400 ducit
384 3335 555 3412 opulentam
576 3355 647 3398 sane
667 3355 867 3415 magnamque
883 3337 942 3398 rim
967 3339 1029 3398 suri
1048 3357 1148 3400 secum
1170 3337 1240 3399 effa

145 3437 269 3498 rentem,
284 3427 336 3484 sed
350 3445 456 3504 genere
471 3427 653 3505 Scythidum,
674 3446 710 3485 ex
723 3447 783 3504 qua
796 3448 864 3487 cum
878 3429 953 3490 duas
967 3430 1040 3491 filius
1055 3431 1242 3510 suscepisset,

142 3536 255 3596 easque
267 3537 335 3577 cum
350 3515 454 3595 mundi
467 3517 592 3594 pecunia
605 3519 663 3578 huc
676 3517 814 3594 misisset,
829 3519 986 3580 collocavit
1002 3519 1122 3580 alteram
1140 3513 1241 3580 nescio

145 3612 204 3683 eui,
226 3629 263 3675 ne
285 3609 443 3672 multorum
463 3609 494 3669 in
513 3603 566 3668 me
580 3608 651 3670 odie
669 3613 826 3682 muntem,
852 3611 971 3672 alterum
991 3612 1094 3688 spretis
1116 3611 1248 3673 civitatis.

146 3712 256 3765 nostre
279 3700 395 3779 legibus
419 3698 505 3763 duxit
523 3700 743 3768 Demosthenes.
756 3701 946 3772 Pessimus,
959 3721 996 3764 ex
1017 3721 1076 3778 que
1093 3715 1178 3764 uetus
1196 3712 1243 3764 est

20 3813 23 3817 ·
145 3795 232 3860 uobis
242 3793 427 3880 percuriosus
440 3790 611 3856 bicurdalio
622 3802 654 3853 et
664 3793 858 3858 calumniator
872 3793 1099 3854 Demosthenes.
1131 3793 1241 3872 Quasn-

112 3895 119 3906 ‘
146 3888 246 3954 obrem
264 3887 303 3950 ub
317 3903 373 3949 aro
391 3884 511 3963 qudem
526 3893 658 3950 materno
680 3885 774 3947 bustis
794 3885 849 3944 erit
860 3885 979 3964 populis
1003 3887 1066 3965 ejus
1080 3887 1155 3946 enirn
1179 3905 1240 3946 ma·

132 3974 558 4062 ‘joesospuisuamnsvistisz
583 3987 741 4042 amaturos>
750 3995 856 4056 genere
865 3975 977 4056 Scytha
989 3978 1130 4046 burburus
1140 3978 1243 4057 linguis

146 4069 438 4135 emerserimus.
482 4069 572 4131 Unde
584 4069 627 4140 lit,
641 4081 675 4132 ut
693 4069 878 4147 improbitate
893 4069 981 4132 etiam
994 4070 1161 4148 indigenam
1172 4091 1241 4134 ‚non

146 4163 296 4318 :sigelin
307 4235 469 4332 quotidiani
483 4261 581 4316 eutem
593 4253 687 4316 rietus
699 4254 813 4316 ustione
825 4253 921 4338 qiub's
933 4251 1000 4316 estl
1025 4252 1071 4319 Eu
1083 4252 1242 4320 trierarcho

148 4345 274 4424 scriptur
293 4344 542 4411 urstiuuculeruus
564 4345 670 4416 erasit,
684 4345 770 4409 bonis
788 4345 919 4424 paternis
940 4344 1062 4410 ridicule
1083 4343 1241 4424 dissipatis.
1315 4411 1322 4416 ,
1448 4347 1452 4352 “

149 4437 270 4504 Deinde
288 4455 355 4500 cum
369 4437 400 4498 iu
417 4437 475 4501 boo
495 4437 583 4512 euers
604 4438 722 4540 secedo
745 4437 873 4520 perfidus
892 4438 1057 4510 haberetur,
1077 4437 1156 4516 quod
1176 4455 1241 4502 ore·
1353 4447 1358 4462 ·
