2967 5017
462 283 508 346 tn
530 281 883 346 OLYMProuottum.
1155 281 1222 341 m

126 450 211 514 irate
223 443 310 512 mens
322 450 469 512 missen:
482 450 627 512 duntaxat
638 450 812 533 postulriret.
854 444 1013 529 Postquam
1030 449 1118 528 igitur
1136 447 1216 529 apud

124 555 276 623 pretorem
289 544 422 605 omnibns
436 542 637 605 controversiis
650 545 829 626 perquisitis,
839 545 903 625 jam
923 544 953 604 in
968 540 1081 625 judicio
1093 554 1218 604 contem

125 637 254 698 dendum
268 646 340 710 erat,
349 631 469 717 prorsus
481 637 613 717 imparati
627 657 742 698 emmus
753 638 791 699 ad
804 655 925 698 causam
940 635 1039 696 statim
1051 635 1216 709 dicendam,

124 749 179 809 ego
197 740 228 791 st
249 729 488 812 olympiodorus,
502 741 654 810 propterea
671 731 749 810 quod
768 729 852 790 multi
871 727 1028 789 adversarii
1046 729 1142 788 subito
1162 747 1216 788 uos

124 833 345 904 oppresserant:
366 833 508 902 quantum
530 833 627 882 autern
649 841 696 882 res
716 823 850 882 ferebant
868 820 1061 882 communiter
1074 819 1218 882 delibere-

123 915 237 989 bamus:
251 914 275 974 si
288 933 348 993 qua
360 913 390 973 in
402 915 559 994 proeseutin
570 934 652 975 mora
671 914 794 994 produci
812 916 900 974 rebus
919 922 1030 994 posset,
1044 922 1078 972 ut
1095 934 1149 974 nos
1166 935 1218 994 per

123 1007 214 1067 otium
227 995 418 1087 adjudicium
428 1025 607 1086 pararemus.
636 1005 715 1069 luter
726 1006 792 1068 lroec
805 1027 858 1067 sos
872 1005 1066 1066 fortefortuns
1077 1015 1109 1065 et
1121 1005 1219 1068 divino

124 1101 252 1180 quodam
265 1100 325 1160 into
335 1099 453 1180 impulsi
468 1101 505 1160 ab
520 1091 680 1160 oratoribus
694 1099 897 1161 decernebatis
911 1099 1069 1159 exercitum
1083 1097 1116 1157 in‘
1125 1099 1218 1160 Acor-

123 1191 241 1253 nauiam
249 1191 439 1261 mittendum:
454 1193 607 1272 oportebat
616 1191 704 1272 igitur
713 1192 790 1253 inter
800 1203 922 1254 coeoeros
933 1190 1019 1252 etiam
1030 1190 1220 1272 olympiodo·
1351 1262 1354 1266 ¹

123 1303 186 1345 rum
196 1283 330 1346 militare.
362 1284 517 1346 obtulerat
530 1303 601 1364 ergo
614 1305 679 1346 sese
693 1285 897 1366 pulcherrima,
905 1291 940 1344 ut
947 1286 1132 1365 putabamus,
1144 1283 1219 1357 dile7

124 1375 211 1438 tionis
225 1377 354 1451 occasio,
367 1376 482 1458 publice
498 1377 554 1438 isto
569 1378 692 1438 absente
705 1388 736 1439 et
748 1378 900 1458 militante.
940 1377 1017 1438 Cum
1030 1379 1100 1437 vero
1112 1385 1219 1456 pretor

118 1467 204 1548 jussu
218 1469 292 1550 legis
304 1489 406 1531 omnes
418 1469 600 1531 aduersarios
611 1470 641 1530 in
650 1471 744 1531 lorum
758 1469 869 1543 citaret,
876 1469 1039 1548 juravimus
1052 1488 1107 1528 nos
1118 1467 1220 1553 olym-

120 1561 276 1640 piodorum
293 1562 409 1642 publice
425 1563 526 1624 abesse
539 1561 728 1623 militantem:
743 1582 802 1641 quo
810 1561 1002 1642 jurejurando
1017 1559 1053 1622 de
1066 1561 1124 1620 isto
1139 1553 1220 1630 dato,

121 1653 252 1714 vicissim
266 1653 404 1732 jurarunt
423 1653 590 1726 adversarii,
604 1663 634 1715 et
654 1653 895 1735 Olympiodorum
915 1652 1132 1725 calumniando,
1151 1650 1219 1738 cnm

118 1755 194 1826 post
205 1764 259 1807 uos
273 1743 413 1820 dicerent,
418 1745 567 1824 judicibus
576 1756 784 1826 persuaserunt
791 1756 825 1806 nt
838 1745 1041 1822 decernerent,
1056 1748 1144 1825 ejus
1162 1745 1221 1826 ju*

120 1837 220 1900 dicii
240 1857 362 1902 cause
379 1841 523 1901 abesse
540 1839 657 1901 istum
674 1859 752 1900 non
769 1840 936 1921 publico
954 1840 1117 1902 nomine.
1132 1837 1221 1910 Quod

120 1951 190 1992 cum
208 1929 325 2011 judices
345 1931 551 2008 decrevissent,
568 1942 675 2012 pretor
691 1931 880 2014 Pythodorus
893 1931 1097 2016 olympiodori
1118 1943 1219 2013 postu-

121 2021 263 2086 lationem
273 2043 309 2084 ex
320 2023 387 2104 lege
400 2024 542 2085 abolevit:
561 2044 621 2105 qua
633 2024 752 2096 abolita,
766 2025 836 2085 mihi
845 2045 961 2106 quoque
971 2020 1094 2098 necesse
1104 2025 1221 2105 fuitude·

121 2119 226 2178 sistere
236 2117 273 2177 ab
284 2116 452 2178 institutain
464 2117 612 2179 semissem
622 2117 801 2178 hereditatis
810 2117 934 2178 actione.
953 2118 1103 2180 Hislactis
1113 2111 1221 2197 praeto'r

121 2208 294 2269 adversariis
302 2209 541 2279 nostrisoononis
546 2209 746 2270 hereditatem
755 2208 885 2270 addixit:
898 2209 941 2270 sic
951 2210 1028 2270 enim
1037 2211 1132 2271 lucere
1141 2209 1216 2290 lagi-

122 2301 178 2361 bus
187 2302 359 2380 cogebatur.
386 2301 454 2372 Qus
461 2299 684 2384 erictnjudicio,
696 2320 766 2362 mox
776 2302 807 2361 in
815 2302 957 2363 Piroeeum
967 2302 1088 2384 egressi,
1096 2321 1219 2382 accepe-

121 2403 194 2454 runt
206 2394 304 2454 omnia
317 2413 383 2473 quae
395 2406 516 2474 uterque
530 2403 660 2455 nostnrm
670 2413 723 2474 pro
735 2413 790 2456 sua
801 2394 932 2475 portione
945 2395 1096 2457 habuerat
1119 2397 1220 2476 Atque

123 2506 180 2566 ego
193 2505 261 2548 eum
275 2487 354 2547 domi
367 2504 463 2548 essem
479 2507 573 2547 meam
591 2488 653 2566 ipss
666 2487 784 2559 tradidi,
798 2507 921 2548 necesse
941 2489 1019 2548 enim
1039 2501 1101 2551 erut
1119 2508 1220 2570 parere

123 2578 257 2660 legrlrus:
280 2579 484 2660 olympiodori
501 2598 571 2640 vero
583 2580 711 2640 ebrenus
730 2579 914 2668 abstulerunt
927 2581 1026 2640 omnia
1045 2592 1152 2661 preter
1168 2602 1221 2662 pe·

123 2671 242 2732 cuniam
256 2691 275 2732 a
289 2690 372 2732 servo
387 2679 538 2742 extortam,
552 2689 646 2748 neque
657 2669 786 2730 enimilli
798 2670 1032 2731 habebantunde
1045 2672 1125 2732 illam
1137 2692 1222 2733 recu·

124 2773 270 2844 perareut.
311 2764 385 2823 Hac
403 2763 433 2822 in
446 2762 579 2822 absentia
593 2761 793 2842 olympiodori
806 2775 891 2841 gestu
904 2772 982 2835 sunt,
996 2773 1028 2822 et
1044 2763 1099 2822 lros
1112 2783 1170 2843 ego
1184 2783 1220 2824 es

125 2857 187 2936 ejus
202 2856 342 2917 societate
355 2855 466 2915 tructus
480 2854 556 2934 cepi.
594 2853 739 2914 Reversus
753 2854 791 2914 ub
803 2853 989 2936 expeditione
1003 2862 1062 2912 u'na
1075 2874 1142 2914 cum
1156 2854 1220 2915 aliis

125 2949 365 3032 Olympiodorus,
388 2947 521 3020 iudices,
545 2937 671 3026 graviter
696 2955 726 3007 et
749 2947 850 3027 iniquo
875 2937 1031 3006 animo'ea
1050 2967 1117 3025 quse
1137 2957 1222 3026 gestu

125 3053 210 3104 erunt
220 3043 395 3123 patiebatur,
410 3051 441 3103 et
454 3039 553 3120 inique
567 3059 667 3102 secum
681 3042 729 3124 agi
742 3043 926 3119 querebatur,

164 3137 196 3195 6.
218 3135 294 3196 Cum
317 3143 415 3195 nutem
434 3133 497 3214 jem
523 3125 677 3214 explesset
700 3143 787 3212 utque
814 3132 968 3194 effudisset
992 3131 1222 3212 indignationem
1338 3205 1351 3212 ⁶

127 3247 222 3301 sunm,
240 3226 339 3290 denuo
362 3228 566 3307 querebamus
577 3225 833 3306 ⁴communiterque
855 3226 1097 3299 deliberabamus,
1117 3245 1177 3306 ego
1192 3234 1224 3301 et

128 3317 368 3402 olympiodorus,
381 3339 439 3400 quo
452 3329 539 3400 pacto
553 3319 662 3380 amissa
673 3336 920 3397 recuperaremus.
960 3318 1035 3378 Tum
1048 3318 1134 3378 nobis
1152 3336 1223 3390 conf

127 3413 302 3474 sultantibus
315 3412 408 3483 riurm
422 3423 478 3482 est,
499 3421 534 3472 ut
550 3431 601 3474 eos
617 3409 667 3491 qui
683 3409 886 3471 lroereditutem
909 3410 964 3472 sibi
976 3410 1223 3488 vendicaruntju-

128 3505 203 3568 dicio
218 3525 430 3568 eroesmremus
443 3523 483 3565 ex
497 3504 574 3586 lege,
596 3514 684 3583 atque
698 3521 734 3564 eo
753 3523 850 3564 rerum
868 3513 946 3564 statu
962 3523 1027 3585 esee
1047 3503 1223 3566 tutissimum

128 3619 165 3662 ue
178 3599 235 3680 ipsi
248 3619 308 3662 uun
319 3609 350 3659 et
363 3597 528 3680 conjunctis
543 3596 651 3658 viribus
669 3615 737 3656 cum
760 3594 931 3656 adversariis
945 3595 1155 3674 experiremur,
1169 3593 1223 3653 ssd

129 3703 250 3773 uterque
263 3691 404 3753 seorsim:
426 3701 513 3770 utque
532 3699 567 3750 ut
589 3687 818 3769 Olympiodorus
839 3697 931 3748 totam
951 3687 1152 3747 lraereditstem
1170 3703 1223 3764 po·

129 3787 261 3856 stularet,
284 3795 320 3846 nt
339 3783 419 3865 prius
441 3783 537 3852 etiam,
557 3792 588 3842 et
609 3801 662 3861 pro
683 3801 715 3841 se
733 3790 858 3861 ageret:
889 3799 946 3860 ego
973 3798 1043 3841 sero
1066 3777 1223 3849 semissem,

129 3898 195 3940 unm
209 3880 303 3940 irater
321 3877 408 3939 etiam
430 3895 511 3936 meus
524 3873 678 3954 Callippns
694 3874 843 3935 semissem
857 3867 1001 3934 duntaxat
1011 3867 1136 3951 peteret.
1172 3869 1223 3943 tls,

129 3970 395 4054 siOlympindorns
417 3969 556 4041 vinceret,
571 3987 628 4048 ago
648 3987 665 4029 e
687 3967 804 4028 ioedera
817 3978 847 4027 et
864 3964 1054 4047 jurejurando
1072 3973 1173 4027 rursus
1187 3965 1224 4023 ub

130 4062 185 4126 isto
198 4075 311 4146 portem
324 4063 486 4146 acciperem
497 4083 517 4123 ι·
527 4062 572 4124 sin
585 4062 660 4122 torte
680 4062 895 4131 succumberet,
908 4077 944 4119 ac
958 4055 1038 4117 alind
1051 4055 1224 4136 pronuncia-

35 4171 36 4174 ’
129 4169 196 4220 rent
207 4160 225 4220 J
228 4159 340 4232 udins,
356 4167 390 4218 nt
403 4159 457 4219 iste
470 4173 583 4238 mquam
595 4173 614 4216 a
625 4173 673 4216 me
685 4165 798 4236 psrtem
811 4153 963 4232 reciperet,
976 4150 1224 4229 quemadmodum

130 4261 162 4312 at
171 4253 364 4334 jurejurando
384 4261 416 4312 st
436 4249 573 4332 pectione
590 4247 722 4310 obstricti
740 4266 865 4309 eremus.
906 4245 975 4306 Hoc
998 4244 1071 4305 inito
1092 4243 1225 4314 consilio,

130 4353 163 4404 et
173 4357 207 4409 ut
220 4345 366 4408 tutissimo
380 4345 503 4426 probata
517 4355 580 4406 tnm
594 4363 613 4404 a
626 4361 672 4410 me
686 4328 808 4408 tom'slr
826 4339 1049 4421 olympiodoro,
1061 4339 1142 4401 citati
1156 4323 1226 4397 sunt
1332 4408 1337 4420 Ι

652 4437 672 4493 4
684 4453 706 4494 u
