2967 5017
452 346 612 410 onusto
635 346 853 407 susumus.
1150 345 1210 409 795

118 501 331 573 educabuntor,
352 511 382 563 et
402 512 538 583 parentes
556 502 586 559 in
606 510 760 561 senectute
787 500 940 581 conspicui
965 499 1090 569 alentur,
1117 496 1210 576 gloria

116 594 240 655 lllio‘rum
256 614 288 655 ss
300 595 331 655 in
344 594 426 655 luctu
439 593 633 655 consolaturi:
654 594 761 654 deinde
772 612 829 654 nec
841 594 951 654 morbis
964 591 1071 652 affecta
1086 608 1210 669 corpora

116 694 149 745 et
167 685 280 747 animoa
306 686 487 765 agritudinis
508 698 643 767 expertes
669 686 790 759 habent,
814 706 874 766 qua
891 686 941 765 qui
966 685 1070 745 sinunt
1091 694 1210 763 propter

117 775 275 838 adversum
298 798 400 839 casum
432 784 639 858 acceptamque
669 778 783 839 cladem
810 779 1014 839 conflictantur
1043 789 1210 855 magnoque

116 886 185 929 oum
199 869 309 931 honora
322 881 353 932 et
366 870 471 951 insigni
485 871 578 951 gloria
596 872 679 951 justa
700 870 741 930 eis
763 870 980 949 persolvuntur.
1020 871 1098 930 Nam
1112 870 1162 947 qui
1180 878 1211 931 et

117 962 158 1021 ab
172 962 308 1023 unirema
327 963 422 1044 patria
443 964 622 1045 sepeliuntur
634 962 763 1043 publice,
777 973 810 1023 et
828 981 888 1022 non
903 964 992 1023 modo
1005 982 1025 1023 a
1035 961 1168 1042 cognatis
1180 973 1213 1023 et

116 1052 241 1127 civibus,
255 1054 307 1115 sed
325 1054 413 1117 etiam
434 1076 451 1116 a
464 1066 528 1117 tota
544 1062 623 1135 (qnae
636 1055 753 1134 quidem
771 1054 815 1115 ita
827 1054 1006 1115 nominanda
1030 1054 1081 1133 sit)
1094 1054 1211 1115 Graecia

115 1143 327 1219 desiderantur,
342 1158 372 1207 et
384 1167 404 1207 a
422 1148 550 1207 maxima
562 1158 646 1207 terrae
667 1146 833 1207 habitabilis
851 1156 934 1225 parte
946 1146 1093 1225 lugentur,
1113 1153 1211 1207 nonne

115 1240 147 1300 hi
174 1242 252 1302 beati
275 1252 344 1311 aunt
359 1240 531 1325 judicandi?
553 1242 635 1309 Quos
657 1258 819 1300 assessores
838 1258 904 1299 csse
926 1237 983 1298 diis
1004 1237 1211 1316 manibuajure

116 1331 235 1409 dixeris,
254 1336 415 1415 eademque
428 1334 493 1395 esse
506 1334 673 1396 conditione
686 1354 746 1414 qua
770 1344 883 1393 ueteres
903 1332 970 1393 illos
987 1334 1082 1393 bonos
1094 1342 1125 1392 et
1136 1351 1211 1409 proc·

116 1434 230 1485 stantes
247 1427 324 1488 viros
346 1427 377 1486 ia
391 1427 493 1488 insulis
507 1428 675 1489 fortunatis.
717 1428 793 1488 Nam
811 1446 851 1486 no
871 1426 910 1486 ‹le
928 1426 986 1487 illis
1002 1426 1121 1506 quidem
1133 1426 1213 1503 quis·

114 1534 206 1593 quam
225 1519 274 1597 qni
295 1518 401 1579 viderit
412 1520 477 1579 haee
491 1520 680 1595 renunciavit,
694 1520 748 1580 sed
761 1539 835 1599 quos
855 1520 986 1578 viventes
1007 1517 1098 1597 hujus
1118 1516 1210 1577 nostri

115 1610 237 1689 superni
257 1612 334 1670 orbis
356 1611 509 1689 dignamur
531 1611 700 1683 honoribus,
715 1629 766 1671 eos
790 1609 850 1670 illic
867 1612 956 1670 etiam
978 1610 1107 1687 quodam
1123 1608 1211 1668 animi

115 1701 263 1778 praesagio
277 1701 441 1761 consimiles
454 1702 579 1761 honores
593 1701 715 1781 adipisci
727 1704 909 1761 arbitramur.
946 1745 950 1755 .

163 1790 211 1848 10.
233 1790 277 1849 Ac
293 1790 377 1849 istam
403 1792 531 1851 oratioue
548 1792 644 1852 lavare
663 1791 831 1851 moestitiam
844 1802 892 1851 est
910 1791 941 1850 id
957 1789 1073 1869 quidem
1087 1790 1211 1853 lortmae

115 1880 251 1942 difficile:
272 1882 438 1944 iaciendum
453 1892 550 1944 tamen
564 1883 723 1964 periculum
739 1893 786 1944 est
808 1892 839 1943 et
853 1883 968 1943 animus
982 1882 1021 1942 ad
1037 1884 1212 1959 jucundiora

117 1972 327 2045 traducendus,
346 1976 419 2036 tales
442 1976 518 2036 enim
531 1975 608 2037 viros
620 1976 671 2055 qui
689 1986 857 2056 genuerunt
869 1986 901 2035 et
912 1996 929 2035 e
941 1975 1050 2035 talibus
1071 1975 1135 2037 aliis
1156 1975 1211 2055 ipsi

118 2068 175 2127 orti
199 2076 277 2139 aaut,
298 2086 348 2128 eos
371 2068 543 2149 praeclarum
557 2079 602 2129 est
625 2070 831 2131 adversantes
850 2067 1106 2148 pulcriuscaeteris
1126 2088 1212 2148 posse

118 2160 203 2231 ierre,
218 2168 250 2219 et
261 2160 290 2219 ln
301 2169 422 2241 utraque
435 2162 553 2222 fortuna
565 2163 647 2223 vultu
665 2162 769 2223 eodem
788 2161 928 2241 conspici.
967 2163 1055 2235 Quae,
1072 2161 1213 2223 cumillis

118 2250 246 2312 maximo
259 2261 290 2312 et
301 2252 404 2313 honori
417 2252 527 2313 fuerint
540 2263 571 2313 ct
590 2264 770 2327 ornamento,
783 2265 845 2315 tum
858 2254 913 2314 toti
933 2254 1043 2314 civitati
1064 2264 1095 2313 et
1114 2254 1211 2313 viren-

119 2340 198 2404 tibus
212 2344 367 2403 maximam
388 2345 548 2405 attulerunt
570 2344 778 2411 celeluitatem.
820 2344 917 2405 Grave
930 2354 977 2404 cst
989 2344 1073 2403 matri
1089 2354 1120 2404 et
1137 2354 1212 2422 patri

120 2433 217 2499 orbari
239 2433 335 2495 liberis
359 2447 390 2496 et
413 2436 657 2515 conjunctissimis
679 2456 742 2497 auae
764 2436 920 2497 senectutis
924 2435 1040 2515 privari
1032 2435 1211 2497 altoribus:
1252 2491 1257 2501 .

120 2523 173 2585 sod
188 2524 358 2603 praclarum
371 2535 417 2587 est
429 2528 555 2588 honores
569 2528 731 2609 precipuos
753 2540 783 2589 et
796 2530 1004 2589 monimentum
1018 2529 1132 2599 virtutis
1146 2550 1213 2591 eos·
1288 2516 1295 2526 ⁸

120 2606 187 2677 dem
202 2620 315 2697 publice
329 2619 451 2699 adeptos
465 2620 647 2700 conspicere,
662 2622 809 2699 sacrisque
820 2632 851 2681 et
860 2622 1063 2683 certaminibus
1073 2622 1212 2699 dignatos

119 2708 340 2771 immortalibus.
382 2712 539 2772 Molestum
553 2722 597 2773 est
615 2713 713 2773 liberis
735 2713 866 2773 amisisse
886 2723 1002 2791 patres:
1023 2712 1077 2772 sed
1089 2713 1213 2791 praecla-

120 2818 184 2873 rum
198 2808 245 2860 est
257 2811 385 2879 paterna
405 2804 545 2880 consequi
568 2804 669 2883 gloria
689 2804 899 2864 haereditatem.
940 2807 989 2864 Ac
1005 2804 1129 2863 tristitiae
1148 2804 1214 2882 qui·

122 2890 189 2965 dem
208 2891 296 2971 hujus
319 2891 464 2954 fortunam
488 2914 565 2955 esse
576 2914 696 2955 eausam
715 2895 902 2974 reperiemus,
915 2894 963 2954 cui
976 2894 1109 2955 homines
1127 2906 1212 2957 notos

122 2983 228 3045 cedere
250 3003 286 3043 ac
304 3002 404 3063 parere
427 3004 546 3046 necesse
570 2996 635 3047 est.
658 2997 688 3046 at
709 2986 828 3047 honoris
845 2996 877 3050 et
896 2986 1019 3060 decoris,
1041 3006 1140 3048 eorum
1162 2986 1214 3126 qui

122 3072 243 3136 honeste
257 3086 395 3155 oppetere
408 3076 583 3138 voluerunt
575 3078 751 3139 institutum.

164 3169 214 3226 ll.
235 3166 310 3226 Mihi
330 3167 446 3245 quidem
465 3187 524 3228 non
538 3168 639 3241 multa,
655 3169 709 3231 sed
731 3188 801 3231 vera
825 3168 922 3231 dicere
946 3170 1127 3251 propositum
1139 3170 1211 3231 init·

123 3274 174 3319 sos
188 3266 288 3320 autem
301 3256 383 3319 finito
396 3258 489 3332 luctu,
502 3268 536 3321 ut
549 3260 614 3321 ias
602 3280 711 3341 jusque
724 3271 781 3335 est,
795 3259 929 3334 abitote.

395 3743 945 3834 DEMOSTHENIS

428 3970 611 4037 ORATIO
636 3970 909 4067 Amsuoala.

623 4160 719 4173 h—

170 4276 196 4335 l.
215 4279 286 4337 Ans
307 4294 371 4355 age,
393 4276 530 4355 quoniam
556 4277 657 4339 audire
681 4234 735 4349 vis,
759 4274 911 4335 ostendam
927 4275 981 4336 tibi
1007 4274 1167 4340 orationem
1185 4289 1217 4341 et

131 4363 234 4445 legam.
275 4371 335 4431 Sed
355 4368 509 4431 consilium
533 4370 585 4431 tibi
608 4382 656 4433 est
674 4369 704 4429 in
727 4367 828 4449 primis
848 4367 1069 4449 intelligendum
1090 4372 1218 4452 ejusqui

132 4454 204 4524 huuc
221 4452 384 4527 orationem
398 4464 573 4544 composuit.
616 4464 645 4525 ls
668 4462 842 4543 Eporamm,
860 4480 960 4541 quem,
978 4463 1053 4527 inter
1068 4466 1175 4528 multos
1187 4476 1219 4527 et
