2967 5017
215 397 217 405 4
250 303 315 381 'neu
539 333 550 354 ·
590 321 811 384 nnvnnsus
831 322 1017 383 rimorum

255 471 421 537 desemine
434 471 625 546 contendens,
638 475 736 554 relpse
756 491 805 538 me
824 475 894 538 dote
911 475 1011 537 metris
1026 475 1153 538 frendet
1194 473 1263 557 ugo
1278 496 1352 542 vero

255 564 341 643 iuop's
355 563 469 624 consilii
486 575 517 624 et
531 583 589 643 quo
602 579 650 625 me
662 576 807 627 verterem
823 567 970 638 nescim,
983 567 1026 627 sie
1039 585 1140 628 rursus
1153 568 1259 630 eodem
1267 568 1351 645 Judi⁴

255 657 302 716 cio
324 655 438 714 sulione
458 663 562 716 eontra
582 655 778 718 Mentitheum
798 659 933 718 institute
952 659 992 734 nd
1006 677 1059 719 ros
1071 677 1151 720 nune
1164 662 1350 722 monnulu-
1467 684 1468 695 ι

255 748 332 809 ulmo
345 747 474 830 confugi.
517 749 593 817 Qum
610 758 644 809 ut
662 767 681 810 s
702 769 750 810 me
763 750 902 834 veredici
916 761 1040 826 constet,
1053 742 1284 831 legennrr‘rohis
1295 753 1351 814 he·

244 847 320 899 'rum
335 858 428 899 rerum
442 839 619 902 testimonia.

665 1007 942 1070 TESTIMONIA.

256 1147 384 1209 Matrem
402 1149 491 1228 igitur
509 1169 614 1222 meum,
628 1150 761 1230 ludices,
775 1149 888 1209 talento
907 1147 1006 1221 illato,
1021 1167 1039 1208 n
1052 1145 1190 1208 fratribus
1208 1148 1269 1208 suis
1286 1150 1350 1210 elo-

255 1249 361 1312 catum,
376 1250 410 1299 ut
422 1240 503 1319 leges
517 1241 631 1320 jubent,
645 1241 719 1322 patri
738 1261 805 1303 meo
819 1241 967 1322 nupsisse;
988 1252 1029 1315 et,
1044 1262 1061 1302 a
1078 1261 1125 1301 me
1138 1243 1253 1302 istosin
1268 1242 1350 1305 mdes

256 1342 389 1410 receptus
413 1332 553 1394 defuncto
574 1343 672 1412 patre3
701 1343 740 1405 et,
764 1355 812 1395 me
833 1335 867 1414 iis
896 1332 1058 1393 actionibus
1081 1353 1149 1395 esse
1171 1335 1349 1407 ahsolutum,

254 1424 360 1503 quibus
370 1425 419 1484 ln'e
431 1438 619 1486 accusarunt:
641 1427 705 1487 hoee
718 1428 815 1487 omnia
828 1449 844 1488 e
858 1427 982 1487 testibus
996 1427 1097 1488 audita
1110 1437 1142 1489 et
1150 1426 1351 1489 demonstretis

225 1557 232 1569 -
254 1526 336 1578 sunt.
369 1518 434 1584 eibi
448 1537 521 1598 cape
535 1519 631 1598 legem
643 1520 726 1580 istam
740 1519 779 1580 de
789 1520 868 1581 dote.

755 1707 847 1774 hEX.

255 1841 333 1910 ilum
354 1851 444 1930 igitur
467 1853 517 1913 lex
539 1855 580 1914 its
603 1875 636 1914 re
659 1857 777 1926 hebent,
797 1855 918 1914 arbitror
936 1856 1024 1912 istum
1041 1854 1103 1912 sire
1121 1852 1267 1920 Boeotum,
1281 1851 1352 1910 sire

255 1941 523 2014 Mentitheum,seu
533 1963 592 2023 quo
599 1944 656 2004 ulio
664 1945 823 2003 nominese
833 1942 974 2020 appellari
982 1943 1104 2018 gaudet,
1110 1941 1221 2019 justum
1229 1941 1351 2017 quidem

254 2031 456 2093 defensionem
469 2044 501 2092 et
512 2053 609 2092 rerem
624 2033 781 2091 allaturum
795 2031 917 2103 nullum,
935 2031 1072 2090 daturum
1083 2042 1183 2090 eutem
1195 2048 1264 2090 esse
1276 2049 1352 2109 ope·

254 2139 327 2191 rum,
341 2123 465 2182 audacia
486 2141 541 2208 sua
555 2134 585 2182 et
598 2122 778 2182 confidentia
798 2119 914 2194 fretum,
928 2131 961 2180 ut
984 2139 1053 2181 suus
1077 2121 1258 2182 calamitates
1277 2123 1351 2183 mihi

255 2210 390 2288 imputet,
411 2213 441 2272 id
455 2213 536 2290 quod
557 2212 644 2272 etiem
661 2213 795 2291 privatim
808 2213 904 2272 facere
917 2212 1078 2284 consuerit,
1099 2212 1191 2286 niens,
1204 2213 1353 2293 Pamphili

255 2301 444 2362 facultatibus
457 2303 624 2382 publicetis,
633 2303 682 2383 qui
692 2313 775 2382 paler
788 2304 844 2362 fuit
854 2303 1026 2382 Plengonis,
1038 2302 1181 2380 reliquum
1193 2305 1351 2382 pecuniam
1450 2305 1465 2338 ’·

254 2405 367 2474 petrem
390 2415 487 2455 meum
512 2395 662 2473 accepisse
686 2415 703 2454 e
726 2395 824 2456 curia:
846 2407 877 2455 et
894 2396 937 2456 ita
952 2394 1101 2456 declarare
1121 2393 1241 2455 studens
1263 2413 1348 2456 susm

253 2497 376 2547 matrem
400 2487 500 2547 dotem
521 2487 655 2548 attulisse
678 2487 802 2566 amplius
815 2496 934 2548 eentum
955 2487 1060 2561 mines,
1074 2505 1170 2546 meum
1191 2489 1255 2546 eine
1278 2487 1349 2548 dote

254 2579 391 2656 nupsisse
409 2578 521 2638 asserit.
563 2567 608 2639 En
627 2598 696 2638 vero
717 2588 938 2648 commemoret,
952 2577 1084 2648 ludices,
1105 2596 1202 2654 neque
1220 2577 1350 2638 udduetu

253 2669 315 2730 ullo
328 2670 505 2742 testimonio,
518 2690 614 2750 neque
632 2671 752 2751 ignarus
770 2689 803 2731 se
821 2687 915 2748 nugas
934 2687 1038 2747 egere:
1062 2668 1117 2729 sed
1137 2678 1219 2728 certo
1240 2670 1349 2742 sciens,

253 2761 304 2838 qui
325 2761 510 2846 confiteretur
528 2782 560 2822 se
579 2762 736 2842 deliquisse
752 2762 832 2841 apud
851 2780 903 2820 ros
921 2760 1088 2821 absolutum
1108 2755 1174 2819 esse
1191 2761 1350 2834 neminem,

254 2855 443 2914 mentientem
469 2863 566 2915 eutem
589 2865 620 2914 et
640 2853 749 2934 effugia
767 2854 970 2932 queritantem
987 2853 1050 2932 jam
1075 2851 1203 2931 aliquem
1228 2853 1349 2931 impune

252 2945 370 3006 abiisse.
411 2945 458 3006 Ne
473 2967 542 3007 vero
555 2947 592 3006 ab
606 2965 642 3006 eo
656 2944 850 3026 decipiemini,
864 2943 1029 3004 consultius
1041 2942 1113 3002 mihi
1126 2941 1351 3025 videtur'pnues

252 3037 293 3097 de
306 3039 363 3098 iste
376 3059 406 3098 re
420 3037 498 3116 apud
512 3056 565 3096 vos
579 3035 685 3094 dicere.
828 3033 836 3043 '
1000 3064 1002 3068 ·

296 3131 326 3186 ³.
350 3129 407 3186 Ubi
429 3130 505 3186 enim
519 3127 632 3196 dixerit,
646 3134 767 3183 matrem
786 3144 881 3185 meam
902 3145 963 3186 non
982 3122 1118 3195 attulisse
1136 3126 1248 3206 dotem,
1260 3145 1347 3188 susm

251 3233 323 3276 uero
338 3217 477 3288 attulisse,
492 3215 728 3276 animadvertetis
749 3235 817 3276 eum
842 3217 941 3297 pelem
966 3217 1091 3278 mentiri.
1124 3218 1255 3280 Primum
1267 3221 1349 3281 enim

144 3379 148 3393 Ι
254 3307 436 3388 Pamphilus,
450 3319 533 3389 peter
550 3309 650 3369 metris
668 3328 778 3381 eorum,
790 3309 919 3387 quinque
934 3309 1054 3369 talentis
1069 3310 1172 3369 aererio
1188 3311 1348 3372 obstrietus

249 3403 337 3461 obiit:
359 3411 531 3480 tentumque
551 3402 645 3462 abfuit
660 3411 693 3460 ut
705 3401 863 3479 quicquum
882 3401 946 3480 ejus
965 3401 1076 3471 liberii,
1090 3399 1244 3480 descriptis
1268 3400 1348 3462 illius

253 3493 358 3573 opibus
371 3505 401 3552 et
412 3493 579 3572 publicetis,
595 3491 781 3572 superfuerit,
794 3503 827 3552 ut
839 3513 894 3554 nec
908 3493 1039 3551 debitum
1056 3493 1121 3571 ejus
1135 3511 1222 3558 omne
1240 3493 1281 3553 sit
1292 3513 1348 3554 su·

252 3587 356 3658 lutum,
372 3585 424 3646 sed
438 3587 525 3646 eliam
546 3605 622 3645 nunc
644 3583 815 3663 Pamphilus
829 3594 863 3643 ut
875 3584 994 3643 serarius
1015 3582 1053 3642 sit
1075 3584 1244 3662 inscriptus.
1285 3586 1347 3654 Qui

251 3679 348 3759 potuit
358 3678 447 3758 igitur
457 3679 517 3738 fieri
528 3689 561 3738 ut
574 3686 659 3757 peter
670 3695 753 3736 meus
765 3696 781 3735 a
792 3668 937 3754 Pamphili
947 3675 1052 3754 oprhus
1064 3674 1177 3754 aliquid
1189 3678 1346 3756 receperit,
1361 3665 1367 3674 ⁶

247 3788 318 3849 qnae
332 3769 473 3831 mulctum
487 3771 598 3830 solvere
611 3769 719 3830 civitati
732 3788 793 3828 nnn
808 3768 987 3847 potuerunt?
1010 3768 1127 3845 Deinde
1138 3769 1277 3848 cogitate,
1288 3769 1347 3830 lu·

249 3863 344 3937 dices,
360 3865 385 3924 si
408 3863 456 3945 vel
469 3862 593 3922 menime
616 3862 806 3943 superfuisset
821 3860 958 3941 pecunie,
975 3879 1063 3941 quum
1083 3860 1132 3920 isti
1149 3861 1347 3930 dicuntum

250 3971 308 4012 non
320 3973 418 4015 meum
431 3951 647 4034 patrem'fuisse
662 3965 860 4034 accepturum,
875 3953 929 4014 sed
939 3953 1086 4032 Pamphili
1099 3953 1186 4026 filins,
1195 3953 1345 4028 Brentum,

251 4043 410 4124 Hedylurm
420 4056 451 4106 et
462 4045 689 4124 Euthydemum‚
700 4045 750 4123 qui
759 4055 954 4125 cum-propter
967 4045 1063 4105 aliens
1072 4043 1217 4124 enpiettdt
1228 4044 1346 4123 quidvis

249 4137 372 4212 egerint,
386 4149 419 4196 ut
433 4150 463 4196 et
478 4157 527 4198 vos
540 4156 640 4197 omnes
653 4137 756 4207 nostis,
766 4137 929 4216 ruentique
940 4138 1016 4216 patri
1029 4154 1167 4196 mennon
1178 4137 1347 4198 eonoeuis·

249 4238 327 4286 sent.
1179 4271 1183 4279 .

271 4323 320 4376 ¹4.
345 4317 391 4377 Ac
412 4329 534 4408 matrem
557 4320 760 4406 istorum'non
784 4321 920 4381 attulisse
934 4321 1042 4393 dotem,
1055 4318 1109 4380 sed
1125 4321 1200 4384 istus
1219 4320 1344 4391 mentiri.

247 4410 320 4470 setis
333 4429 387 4470 voe
404 4411 577 4488 cognovisse
595 4414 745 4474 existimo:
771 4431 867 4474 meum
880 4424 977 4473 nutem
994 4421 1119 4473 matrem
1138 4413 1285 4486 senuisse,
1298 4413 1344 4473 fu·
