2967 5017
496 333 555 400 ns
579 337 692 402 nora
717 289 956 403 uernans
1184 345 1240 405 eor
1274 291 1304 391 Ῐ

146 488 202 550 olle
215 491 382 554 ostendam.
421 492 550 556 Primum
566 487 644 558 enlm
663 495 812 575 Polyarati
836 495 896 554 tilia
914 494 980 569 init,
994 496 1045 575 qui
1066 505 1097 555 et
1118 516 1137 556 a
1160 497 1243 559 vobis

146 579 300 642 colebatur
312 595 345 644 et
365 603 488 664 msgnas
508 607 580 667 opes
596 588 776 668 possidebat.
818 588 928 650 Postea
941 599 1081 650 testatum
1094 592 1177 650 vobis
1188 603 1243 665 est,

145 673 234 732 etiarn
249 680 377 736 sororem
396 681 461 757 ejus
483 679 655 740 tantundem
675 681 808 742 attulisse
820 681 896 740 dotis
908 691 940 740 et
953 681 1148 761 Eryxirnacbo
1162 683 1242 743 affini

146 763 283 834 Chabriae
304 769 450 848 nupsisse.
491 769 637 832 Praeterea
650 781 777 844 constat,
791 782 913 832 matrem
926 791 1022 831 meam
1036 772 1171 852 nupsisse
1184 774 1243 853 pri·
1354 833 1358 840 .

144 873 225 915 mum
240 857 453 934 Cleomedonti,
467 860 551 940 cujus
564 873 676 937 patrem
691 862 831 921 Cleonem
846 863 942 921 ferunt
955 862 1034 942 apud
1051 864 1178 943 majores
1190 886 1242 924 ve·
1349 921 1353 926 .

115 949 122 958 ’
145 957 224 1008 stros
237 967 292 1009 suo
308 949 398 1012 ductu
411 962 441 1011 et
454 953 592 1032 auspiciis
602 951 710 1012 multos
725 953 963 1015 Lacedaemonios
978 953 1043 1033 Pyli
1054 956 1135 1015 vivos
1147 959 1243 1036 cepis·
1337 1002 1341 1009 .

142 1057 188 1113 se,
202 1059 372 1120 summeque
393 1044 468 1104 inter
490 1045 569 1104 cives
594 1044 687 1123 gloria
705 1044 856 1106 floruisse:
880 1063 978 1122 quare,
992 1065 1048 1105 nec
1066 1047 1130 1125 ejus
1150 1047 1241 1107 tilium
1271 1097 1281 1115 ,

144 1150 209 1192 eam
224 1132 386 1196 indotatam
406 1135 514 1196 ducere
532 1135 734 1209 conveniebat,
748 1155 844 1214 neque
858 1135 1056 1196 Menexenum
1073 1147 1104 1196 et
1117 1136 1241 1218 Bathyl·
1314 1158 1319 1172 ·

143 1219 205 1281 lum
219 1237 450 1288 consentaneum
463 1237 520 1298 est,
530 1227 580 1306 qui
593 1237 624 1288 et
637 1226 691 1305 ipsi
710 1247 835 1308 magnas
849 1246 921 1306 opes
940 1227 1126 1288 haberentet
1139 1230 1239 1316 dotem

143 1314 354 1384 Cleomedonte
375 1329 491 1398 mortuo
509 1321 699 1399 recepissent,
722 1339 759 1380 ea
779 1339 908 1380 sororem
932 1339 1016 1380 suam
1037 1320 1240 1400 defraudasse,

142 1407 195 1467 sed
208 1409 287 1489 ipsos
301 1410 446 1490 adjecisse
466 1411 575 1490 aliquid
588 1422 623 1471 et
636 1413 717 1490 'patri
734 1411 906 1483 collocasse,
925 1421 960 1470 nt
975 1424 1007 1471 et
1020 1413 1077 1491 ipsi
1095 1414 1173 1492 apud
1185 1435 1239 1476 vos

142 1508 172 1556 et
186 1501 281 1561 oeten
295 1503 453 1564 necessarii
467 1504 566 1564 testati
578 1514 657 1564 suut.
698 1504 760 1566 Sed
773 1504 819 1563 his
833 1503 948 1563 omissis
963 1505 1103 1583 cogitate,
1117 1527 1239 1586 quamo-

141 1588 223 1649 brem
236 1603 330 1671 pater,
343 1595 369 1654 si
386 1613 452 1656 mes
476 1605 569 1656 mater
590 1597 738 1674 desponsa
760 1614 821 1654 non
842 1595 950 1656 suisset.
968 1616 1063 1675 neque
1079 1599 1178 1680 dotem
1193 1610 1249 1659 ste
1371 1677 1375 1685 p

138 1680 263 1754 tulisset,
278 1686 401 1744 istorum
422 1704 492 1745 vero
511 1685 664 1757 attulisset,
678 1688 751 1744 istos
764 1704 832 1746 suos
853 1698 991 1762 negasset
1010 1705 1076 1746 esse
1091 1688 1177 1760 filios,
1191 1709 1239 1748 me

138 1783 239 1831 antem
254 1783 283 1832 et
296 1773 465 1852 agnovisset
479 1787 510 1834 et
529 1775 719 1835 instituisset?
741 1776 783 1836 Ut
795 1776 908 1836 scilicet
929 1784 959 1834 et
978 1776 1047 1834 mibi
1070 1777 1238 1854 gratificans

135 1872 170 1920 et
184 1863 271 1922 matri
285 1883 369 1936 mem,
384 1859 453 1926 istos
468 1865 628 1944 ignominia
641 1865 787 1926 afficereti
815 1867 855 1924 At
876 1884 912 1925 ea
923 1863 1042 1943 quidem
1056 1865 1177 1940 obierat,
1191 1890 1238 1930 me

136 1969 230 2032 parvo
251 1974 343 2034 puero
366 1957 477 2030 relicto,
492 1958 612 2018 istorum
631 1976 699 2018 vero
723 1966 818 2017 mater
835 1957 961 2034 Plango,
975 1967 1006 2016 et
1028 1968 1097 2018 ante
1119 1969 1150 2018 et
1171 1971 1239 2038 post

137 2045 268 2124 eleganti
281 2047 375 2108 forma
391 2047 504 2122 mulier,
518 2067 586 2108 curn
606 2067 643 2108 eo
663 2067 725 2108 rem
741 2048 886 2109 babebat:
906 2067 997 2128 qnare
1009 2049 1101 2110 multo
1113 2052 1238 2113 credibi-

139 2135 199 2198 lius
219 2145 282 2197 erat
305 2156 374 2198 eum
399 2148 518 2218 propter
536 2139 683 2199 viventem
704 2138 868 2213 mulierem,
887 2158 977 2218 quarn
998 2139 1164 2213 adamabat,
1185 2143 1238 2204 de·
1266 2142 1269 2154 '

137 2227 248 2288 innota
269 2229 362 2288 filium
378 2240 581 2298 contemnere,
595 2247 683 2306 quam
706 2241 824 2308 propter
846 2249 894 2288 me
914 2241 946 2290 et
958 2231 1134 2292 defunctam
1160 2235 1236 2296 tilios

77 2367 79 2371 .
137 2319 291 2380 aduente
313 2317 443 2378 muliere
457 2327 621 2398 susceptos,
645 2317 730 2398 cujus
762 2314 977 2380 consuetudine
1002 2333 1141 2396 uteretur,
1175 2345 1235 2387 non

137 2423 306 2491 agnoscere.
361 2409 451 2490 Atqui
471 2429 507 2471 eo
529 2411 587 2472 iate
604 2411 684 2470 venit
705 2411 848 2481 audaciae,
855 2421 895 2470 ut
918 2411 979 2472 aiat
999 2424 1109 2491 patrem
1137 2435 1235 2476 meum

137 2521 192 2583 pro
219 2523 252 2564 se
279 2502 423 2564 dammam
449 2502 564 2562 solenni
587 2501 720 2562 convivio
746 2501 928 2563 celebrasse:
959 2522 1054 2582 eaque
1076 2505 1113 2564 de
1134 2527 1166 2568 re
1180 2508 1237 2566 >'li-

137 2595 275 2656 mactatis
298 2594 394 2656 solum
417 2603 449 2654 et
472 2593 625 2656 Promacbi
646 2594 842 2654 testimoninm
862 2595 1004 2667 exhibuit,
1027 2599 1077 2677 qui
1100 2618 1157 2659 nec
1175 2601 1237 2660 ulla

7 2719 8 2734 κ
137 2685 315 2764 cognatione
331 2695 446 2764 patrem
460 2701 557 2743 meum
572 2685 732 2762 attingunt,
748 2703 846 2762 neque
859 2684 903 2744 illi
922 2686 1008 2746 amici
1021 2687 1155 2772 luerunt3
1181 2691 1236 2750 ita·

136 2797 197 2857 qus
208 2776 364 2838 manifeste
378 2775 455 2836 laisa
474 2775 574 2834 testati
596 2784 676 2844 suat,
690 2783 836 2852 utiquam
845 2777 932 2835 uobis
953 2779 1089 2839 omnibus
1110 2783 1235 2842 consciis

137 2871 192 2930 iste
207 2869 237 2928 in
246 2869 297 2948 jus
311 2876 446 2928 rosatum
458 2866 558 2945 coegit
570 2864 648 2926 adse
657 2865 870 2945 adoptandum,
880 2885 948 2927 eum
961 2868 1019 2940 isti,
1034 2881 1173 2947 tanquam
1185 2873 1236 2950 qui

136 2961 198 3022 dno
211 2960 267 3020 soli
280 2961 406 3020 viatores
419 2958 488 3029 sint,
502 2967 647 3020 testentur
660 2975 713 3036 pro
727 2957 785 3017 boc
799 2955 943 3016 decimam
954 2958 1131 3019 celebrasse.
1162 2962 1236 3028 Qui·

136 3055 192 3113 bns
201 3051 268 3132 quis
280 3059 411 3112 vestrm
425 3049 548 3110 credat?
568 3048 636 3108 Jam
646 3066 703 3109 nec
713 3047 789 3110 illud
799 3047 827 3107 ei
837 3045 908 3108 licet
917 3047 1027 3121 dicere,
1040 3069 1072 3113 se
1082 3051 1236 3128 parvulum

135 3148 258 3228 quidem
281 3155 402 3228 epatre
425 3145 566 3224 agnitum,
590 3141 773 3222 grandiorem
785 3150 894 3216 ‚suam
916 3142 1037 3215 facturn,
1059 3145 1099 3204 ab
1122 3144 1235 3218 eodem,

135 3241 223 3302 mebi
242 3241 371 3319 ipsorum
385 3237 469 3307 irato,
484 3234 677 3315 repudiatum.
706 3227 818 3316 'Multo
834 3232 911 3293 enim
928 3234 1023 3313 magis
1038 3245 1119 3296 certe
1139 3235 1236 3298 solent

135 3351 212 3394 uxor
224 3342 256 3391 et
267 3330 388 3390 maritus
403 3336 468 3388 orta
476 3325 575 3407 jurgia
591 3334 710 3408 propter
723 3324 829 3386 liberos
842 3323 1000 3404 deponere,
1014 3343 1103 3403 quam
1117 3339 1236 3408 propter

134 3425 194 3484 iras
208 3423 283 3484 inter
296 3439 328 3480 ss
342 3437 512 3480 communes
526 3418 615 3478 etiam
627 3417 734 3494 liberos
747 3412 857 3474 odisse.

177 3519 208 3575 ὁ.
221 3511 361 3585 Proinde,
374 3511 399 3571 si
410 3508 475 3570 heac
485 3509 583 3571 dicere
592 3507 760 3578 instituerit,
771 3523 809 3563 ne
819 3505 918 3564 ieratis
929 3504 993 3584 ejus
1007 3506 1233 3585 impudentiam:

136 3609 182 3668 sin
200 3605 350 3666 decausis
364 3602 607 3682 dixeritquarnm
625 3619 674 3660 me
693 3597 821 3660 absolvit
842 3597 961 3672 arbiter,
975 3616 1066 3677 seque
1081 3617 1100 3658 a
1114 3619 1164 3660 ma
1180 3602 1233 3660 im·
1267 3595 1269 3601 ’

134 3707 271 3780 parsurm
299 3715 365 3758 esse
391 3711 567 3776 oppressum
593 3690 772 3763 causabitur,
795 3689 921 3768 primum
948 3689 1146 3760 memineritis,
1175 3711 1234 3753 non

133 3807 259 3872 mum
280 3798 397 3867 tempus
417 3785 519 3858 tuisse,
539 3801 600 3862 quo
618 3781 699 3845 illum
722 3799 764 3871 se
776 3797 880 3859 parare
899 3780 1038 3859 oportuit,
1051 3779 1104 3840 sed
1125 3779 1234 3850 multos
1315 3855 1320 3862 ι

132 3899 249 3950 annosr
263 3879 382 3952 deinde,
395 3898 461 3939 eam
474 3877 565 3938 inisse
586 3884 728 3955 actorem,
748 3888 844 3950 quare
860 3871 954 3931 multo
967 3868 1146 3951 probabilius
1160 3882 1233 3943 erat,
1257 3909 1266 3920 ·

103 4023 108 4029 .
134 3991 184 4034 me
196 3975 237 4035 ab
248 3991 284 4033 eo
297 3972 471 4052 imparatum
486 3985 671 4050 oppressum,
685 3983 773 4045 quam
784 3983 851 4024 eum
871 3983 891 4024 a
905 3983 953 4024 me
960 3983 969 4032 r
991 3962 1030 4022 ad
1043 3961 1118 4034 bac,
1131 3981 1233 4024 coram

134 4064 221 4126 robis
241 4062 411 4142 omnesqui
432 4060 512 4140 apud
535 4059 675 4120 arbitrum
695 4054 806 4116 affuere
822 4053 919 4116 testati
943 4063 1021 4123 sunt,
1045 4051 1132 4111 istum
1157 4073 1233 4132 prae.

132 4163 263 4229 mntem,
275 4173 345 4216 cum
361 4173 409 4214 me
429 4152 536 4214 arbiter
549 4150 724 4219 absolveret,
732 4167 796 4216 ,nec
808 4147 847 4209 ed
855 4143 999 4226 judicium
1011 4142 1187 4222 appellasse,
1202 4159 1233 4208 et

135 4247 301 4310 inarbitrio
315 4245 507 4327 acquievisse.
546 4243 717 4324 absurdum
739 4250 836 4300 antem
854 4237 924 4296 mibi
937 4235 1070 4308 ridetur,
1085 4257 1153 4298 oum
1173 4237 1233 4308 alii,

134 4341 188 4422 qui
198 4339 339 4418 immissu
355 4338 412 4403 sibi
429 4337 492 4404 deri
508 4345 623 4418 putant,
634 4336 723 4406 edam
736 4349 844 4396 musas
854 4329 974 4391 omnino
987 4329 1112 4391 minutas
1124 4330 1165 4390 ad
1179 4349 1231 4390 sos
