2967 5017
265 330 324 393 rto
536 322 756 389 iuventus
777 317 1032 386 antumnali.

710 606 871 670 marita.

269 759 332 823 lior
346 756 434 837 igitur
446 755 600 821 audiant·
612 757 811 829 teotoniam,
826 766 858 817 et
869 756 1047 837 dejerantem
1062 750 1183 815 voe-to
1196 752 1285 813 etiam
1295 762 1371 815 nte·

268 850 364 916 anun
387 848 517 920 intrem,
530 858 562 909 et
584 849 721 928 utrinqne
740 848 824 914 nobie
844 860 1013 928 cognatum,
1026 858 1059 909 et
1077 846 1153 909 iilioa
1166 844 1241 925 ejna.
1283 844 1369 907 Narn

268 942 429 1006 Timocrati
452 942 551 1009 matria
574 962 647 1005 mee
669 942 751 1005 fratri
774 962 914 1022 germano
931 952 963 1005 et
983 939 1096 1003 nterim
1117 937 1249 1001 nancitor
1268 939 1369 999 Enni·-

266 1035 363 1107 meur,
377 1034 521 1101 euxitheo
534 1046 593 1097 nee
611 1034 662 1098 lilii
683 1034 734 1116 qui
748 1054 851 1100 otnnea
863 1035 976 1097 vivunt.
1014 1033 1098 1097 Voce
1116 1031 1186 1093 milri
1197 1048 1237 1093 cx
1248 1030 1292 1091 eia
1312 1030 1369 1109 qni

268 1128 348 1189 domi
363 1137 441 1193 runt.

711 1320 874 1382 warna.

271 1462 354 1545 Cape
373 1462 460 1523 etiam
472 1460 640 1525 testimonia
651 1462 803 1523 curialium
818 1473 849 1525 et
861 1473 1054 1543 cognatorum
1073 1461 1185 1537 mult,
1198 1469 1229 1524 ct
1241 1459 1370 1527 nemci-

269 1575 350 1636 pnm,
365 1566 395 1615 et
413 1574 537 1635 qnorum
551 1554 655 1617 eadem
668 1566 860 1616 monumenta
873 1566 952 1617 runt

668 1781 934 1845 TESTIMONIA.

273 1922 377 1983 Genus
397 1922 485 2003 igitur
503 1932 667 1984 maternum
692 1924 750 1983 tale
774 1924 944 1988 demonstro
963 1922 1056 1996 vobio,
1070 1931 1100 1981 et
1124 1940 1191 1982 eam
1210 1922 1336 1988 notendo
1351 1943 1372 1986 a

272 2016 340 2078 virio
354 2026 384 2075 et
399 2015 566 2076 mulieribus
580 2036 645 2076 ease
658 2016 762 2080 civem.
783 2015 872 2074 Matri
886 2022 983 2073 autern
997 2033 1071 2073 mear
1085 2014 1224 2087 nascitur,
1236 2014 1373 2089 Juniceo,

272 2110 396 2191 primum
410 2127 426 2167 e
445 2109 652 2179 Protomacho,
674 2108 722 2173 cni
742 2127 807 2167 eam
822 2107 1003 2167 Timocrates
1016 2107 1103 2167 frater
1116 2109 1248 2172 uterinus
1261 2118 1293 2171 et
1305 2128 1372 2189 per-

272 2218 376 2263 manns
390 2200 598 2281 desponderat,
613 2198 688 2272 fitia,
710 2198 818 2259 deinde
842 2218 859 2259 e
879 2208 961 2278 patre
981 2218 1058 2270 tneo,
1071 2218 1139 2277 ego.
1181 2199 1249 2267 Quo
1271 2209 1372 2265 antem

272 2304 360 2374 pacto
373 2292 449 2373 patri
464 2282 530 2352 m'eo
543 2293 686 2371 nupserit,
705 2292 789 2351 vobis
808 2300 854 2351 eat
874 2289 1124 2369 cognoecendnm.
1166 2289 1243 2352 Nam
1261 2300 1294 2353 et
1308 2312 1374 2373 qnae

275 2382 313 2463 rle
328 2384 426 2444 Clinia
434 2384 611 2455 criminatur,
626 2382 707 2443 etde
721 2382 845 2443 nutricio
855 2382 957 2443 matria
970 2381 1141 2455 ministerio,
1154 2381 1305 2450 illaatiam
1316 2405 1373 2470 ege

276 2475 359 2537 vobin
374 2476 472 2535 omnia
486 2474 639 2557 perspicue
652 2476 789 2535 narrabo.

320 2570 366 2629 12.
389 2566 603 2628 Protomachne
624 2586 736 2654 pauper
756 2566 827 2627 fnit:
850 2566 889 2627 ad
911 2584 1001 2647 quern
1020 2583 1088 2627 cunr
1105 2562 1218 2648 pupilla
1240 2566 1375 2649 locuple·

274 2659 437 2723 hereditate
450 2660 587 2733 venisaet,
601 2660 768 2722 elocatum
789 2669 911 2720 matrem
929 2676 1037 2731 meam,
1048 2656 1188 2718 'l'hncrito
1210 2659 1285 2739 patri
1307 2680 1375 2724 ineo

272 2751 407 2815 familiari
422 2771 477 2814 ono
490 2754 658 2838 persuadet,
672 2763 706 2815 nt
719 2772 786 2815 eam
799 2751 902 2815 ducat.
940 2750 990 2811 Sic
1003 2749 1205 2831 deepondetrtt
1218 2750 1295 2831 patri
1306 2771 1376 2815 cneo

275 2856 369 2908 mater
382 2865 458 2919 mea,
472 2866 522 2929 per
535 2847 730 2907 Timocratem
744 2844 944 2919 Melitensem,
957 2844 1152 2924 presentibus
1173 2842 1305 2925 utrinque
1319 2866 1375 2926 pa·

277 2941 350 3000 truie
364 2942 436 3015 ejus,
452 2949 482 2999 et
496 2938 560 2999 aliis
573 2938 707 3001 tentibus.
748 2936 790 3003 Et
808 2936 912 2997 horum
931 2935 982 3017 qni
1003 2933 1174 3017 superstites
1194 2945 1272 3011 eunt,
1291 2940 1375 3002 nobie

277 3031 477 3093 testimoninm
491 3031 599 3092 dicent
641 3030 696 3091 His
718 3026 816 3101 factio,
831 3029 980 3113 eliquanto
1002 3040 1161 3113 postcunt
1176 3026 1251 3089 dnos
1263 3028 1327 3113 jem
1338 3031 1377 3093 li-

279 3124 366 3183 beros
380 3124 549 3204 peperisset,
562 3134 645 3204 patre
656 3120 797 3182 militante
806 3141 940 3201 peregre,
952 3120 1043 3181 ductu
1056 3131 1087 3183 et
1099 3120 1236 3204 auspiciis
1250 3124 1377 3209 Thucy·

280 3213 353 3289 buli,
366 3214 432 3294 ipsa
453 3216 553 3297 inopia
575 3215 760 3286 conflictans,
773 3225 877 3275 coacte
899 3223 945 3275 eet
964 3214 1090 3276 Cliniam
1109 3214 1215 3275 Clidici
1227 3214 1319 3287 lilium
1331 3218 1376 3279 la·

281 3316 371 3365 ctare.
414 3306 481 3378 Quo
494 3306 583 3379 lacto,
597 3307 678 3389 qnod
692 3308 730 3373 ad
744 3306 774 3369 id
788 3306 949 3391 pericnlum
967 3306 1084 3382 attinet,
1096 3306 1128 3367 in
1148 3324 1208 3385 qno
1227 3327 1378 3394 nnnoegu

282 3416 392 3469 vereor,
403 3399 479 3469 male
494 3398 563 3459 mihi
575 3402 729 3478 consuluit,
747 3403 840 3463 fateor
854 3401 1099 3483 equidem-nan
1120 3402 1158 3463 ab
1171 3420 1208 3465 oa
1219 3402 1378 3467 lactatione

283 3490 383 3558 omnia
403 3511 469 3574 que
487 3490 517 3552 in
537 3510 591 3553 noe
614 3504 812 3573 congeruntur
830 3493 988 3559 maledicta
1007 3494 1194 3569 oriuntur-,
1206 3494 1261 3556 aed
1280 3505 1379 3563 tamen

284 3581 362 3646 illine
383 3584 519 3665 temporie
543 3582 660 3664 inopia,
681 3596 712 3645 et
736 3587 903 3652 necessaria
925 3607 996 3650 cano
1018 3586 1101 3661 fecit,
1127 3601 1159 3652 et
1179 3590 1380 3672 congruentia.

286 3674 414 3738 Constet
436 3676 523 3759 igitur
542 3687 656 3759 patrem
675 3697 773 3741 meum
791 3700 852 3741 non
865 3681 989 3763 primum
1002 3681 1126 3745 ‹luxieee
1140 3693 1263 3747 matrem
1275 3702 1380 3758 meam,
1457 3685 1458 3708 ³

200 3818 208 3835 .
286 3769 338 3831 eed
348 3768 572 3841 Protomaehona
585 3778 615 3829 et
626 3769 734 3831 liberos
747 3790 929 3851 procreante,
942 3783 972 3833 et
984 3772 1073 3835 filiam
1087 3776 1242 3839 elocaaeo:
1262 3775 1313 3857 qni
1325 3778 1380 3840 eni

286 3875 418 3927 mortum
432 3874 488 3935 oet,
506 3860 579 3943 ipria
591 3870 689 3933 tamen
702 3863 788 3928 lectio
802 3875 937 3939 testatur,
954 3884 1018 3927 earn
1032 3876 1063 3931 et
1076 3869 1231 3946 urbanam,
1244 3876 1278 3929 et
1289 3868 1381 3930 civem
1456 3879 1457 3896 ¹

244 3973 250 3986 ·
285 3954 389 4015 iniere.
431 3952 506 4014 llaec
522 3974 569 4015 me
590 3975 656 4017 rere
670 3956 769 4025 dicore
782 3965 817 4017 nt
837 3970 987 4039 appareat,
1000 3958 1125 4039 primum
1141 3960 1298 4029 mihivoca
1309 3960 1381 4024 Pro·

286 4044 414 4105 tomechi
427 4046 521 4106 filice:
543 4046 648 4110 deinde
661 4066 712 4112 oca
726 4047 777 4129 qui
791 4051 976 4129 eponsalibna
985 4053 1079 4132 patrie
1091 4055 1303 4119 interfuerunt:
1321 4064 1380 4119 ete
1455 4059 1456 4108 i

288 4135 446 4197 curialibus
463 4146 619 4219 cognatos,
629 4138 736 4217 quibua
749 4140 882 4221 nuptiale
895 4160 1001 4201 munna
1014 4145 1138 4209 contulit
1151 4156 1313 4230 prometto
1331 4166 1380 4227 pa·
1455 4111 1456 4196 l

288 4235 353 4289 ter:
382 4240 460 4312 poet,
475 4230 618 4297 Eunicnro
641 4230 885 4313 Cholargonaem,
899 4235 952 4315 qui
972 4253 1100 4302 acrorem
1122 4259 1218 4311 mean
1238 4241 1380 4325 accepite
1454 4259 1455 4276 ³

290 4316 504 4383 Protomacho:
524 4320 631 4385 deinde
644 4322 734 4384 filium
750 4323 866 4385 sororia.
907 4325 994 4389 Voca
1005 4325 1072 4394 lica.

1443 4694 1454 4960 l
