<?xml version="1.0" encoding="UTF-8"?>
<!DOCTYPE html PUBLIC "-//W3C//DTD XHTML 1.0 Transitional//EN"
    "http://www.w3.org/TR/xhtml1/DTD/xhtml1-transitional.dtd">
<html xmlns="http://www.w3.org/1999/xhtml" xml:lang="en" lang="en">
 <head>
  <title>
</title>
<meta http-equiv="Content-Type" content="text/html;charset=utf-8" />
  <meta name='ocr-system' content='tesseract 3.04.00' />
  <meta name='ocr-capabilities' content='ocr_page ocr_carea ocr_par ocr_line ocrx_word'/>
</head>
<body>
  <div class='ocr_page' id='page_1' title='image "./oratoresatticie00dupogoog_0437.png"; bbox 0 0 2967 5017; ppageno 0'>
   <div class='ocr_carea' id='block_1_1' title="bbox 355 336 1341 441">
    <p class='ocr_par' dir='ltr' id='par_1_1' title="bbox 355 336 1341 441">
     <span class='ocr_line' id='line_1_1' title="bbox 355 336 1341 441; baseline -0.011 1"><span class='ocrx_word' id='word_1_1' title='bbox 355 336 358 340; x_wconf 8' lang='grc' dir='ltr'><em>Δ</em></span> <span class='ocrx_word' id='word_1_2' title='bbox 452 376 501 441; x_wconf 76' lang='lat' dir='ltr'><strong>tn</strong></span> <span class='ocrx_word' id='word_1_3' title='bbox 522 355 897 437; x_wconf 68' lang='lat' dir='ltr'><strong>crustemium.-</strong></span> <span class='ocrx_word' id='word_1_4' title='bbox 1159 353 1195 432; x_wconf 72' lang='lat' dir='ltr'><strong>er</strong></span> <span class='ocrx_word' id='word_1_5' title='bbox 1337 388 1341 394; x_wconf 96' lang='lat'>·</span> 
     </span>
    </p>
   </div>
   <div class='ocr_carea' id='block_1_2' title="bbox 99 505 1197 608">
    <p class='ocr_par' dir='ltr' id='par_1_2' title="bbox 99 505 1197 608">
     <span class='ocr_line' id='line_1_2' title="bbox 99 505 1197 608; baseline -0.002 -20"><span class='ocrx_word' id='word_1_6' title='bbox 99 529 182 607; x_wconf 86' lang='lat' dir='ltr'><strong>quod</strong></span> <span class='ocrx_word' id='word_1_7' title='bbox 194 539 247 591; x_wconf 88' lang='lat' dir='ltr'><strong>ant</strong></span> <span class='ocrx_word' id='word_1_8' title='bbox 257 549 309 591; x_wconf 82' lang='lat' dir='ltr'><strong>ros</strong></span> <span class='ocrx_word' id='word_1_9' title='bbox 319 505 453 608; x_wconf 86' lang='lat' dir='ltr'><strong>prodere,</strong></span> <span class='ocrx_word' id='word_1_10' title='bbox 461 539 515 591; x_wconf 85' lang='lat' dir='ltr'><strong>aut</strong></span> <span class='ocrx_word' id='word_1_11' title='bbox 523 549 643 592; x_wconf 85' lang='lat' dir='ltr'><strong>eausam</strong></span> <span class='ocrx_word' id='word_1_12' title='bbox 656 527 733 590; x_wconf 86' lang='lat' dir='ltr'><strong>banc</strong></span> <span class='ocrx_word' id='word_1_13' title='bbox 747 517 931 606; x_wconf 70' lang='lat' dir='ltr'><strong>indulgenter</strong></span> <span class='ocrx_word' id='word_1_14' title='bbox 940 527 1026 588; x_wconf 85' lang='lat' dir='ltr'><strong>velim</strong></span> <span class='ocrx_word' id='word_1_15' title='bbox 1040 525 1197 600; x_wconf 79' lang='lat' dir='ltr'><strong>remittere,</strong></span> 
     </span>
    </p>
   </div>
   <div class='ocr_carea' id='block_1_3' title="bbox 98 613 1307 699">
    <p class='ocr_par' dir='ltr' id='par_1_3' title="bbox 98 613 1307 699">
     <span class='ocr_line' id='line_1_3' title="bbox 98 613 1307 699; baseline -0.006 -19"><span class='ocrx_word' id='word_1_16' title='bbox 98 621 156 680; x_wconf 87' lang='lat' dir='ltr'><strong>sed</strong></span> <span class='ocrx_word' id='word_1_17' title='bbox 174 622 253 699; x_wconf 89' lang='lat' dir='ltr'><strong>qnod</strong></span> <span class='ocrx_word' id='word_1_18' title='bbox 266 641 366 682; x_wconf 83' lang='lat' dir='ltr'><strong>verear</strong></span> <span class='ocrx_word' id='word_1_19' title='bbox 378 643 415 682; x_wconf 92' lang='lat' dir='ltr'><strong>ne</strong></span> <span class='ocrx_word' id='word_1_20' title='bbox 428 622 499 681; x_wconf 81' lang='lat' dir='ltr'><strong>milri</strong></span> <span class='ocrx_word' id='word_1_21' title='bbox 514 623 612 686; x_wconf 80' lang='lat' dir='ltr'><strong>statim</strong></span> <span class='ocrx_word' id='word_1_22' title='bbox 628 623 670 681; x_wconf 81' lang='lat' dir='ltr'><strong>ita</strong></span> <span class='ocrx_word' id='word_1_23' title='bbox 682 621 855 694; x_wconf 76' lang='lat' dir='ltr'><strong>occurratis,</strong></span> <span class='ocrx_word' id='word_1_24' title='bbox 869 639 916 679; x_wconf 92' lang='lat' dir='ltr'><strong>me</strong></span> <span class='ocrx_word' id='word_1_25' title='bbox 930 623 1004 678; x_wconf 82' lang='lat' dir='ltr'><strong>vera¹</strong></span> <span class='ocrx_word' id='word_1_26' title='bbox 1013 621 1131 698; x_wconf 88' lang='lat' dir='ltr'><strong>quidem</strong></span> <span class='ocrx_word' id='word_1_27' title='bbox 1153 619 1198 677; x_wconf 59' lang='lat' dir='ltr'><strong>dia</strong></span> <span class='ocrx_word' id='word_1_28' title='bbox 1300 613 1307 636; x_wconf 85' lang='lat'>⁸</span> 
     </span>
    </p>
   </div>
   <div class='ocr_carea' id='block_1_4' title="bbox 99 713 1199 1068">
    <p class='ocr_par' dir='ltr' id='par_1_4' title="bbox 99 713 1199 1068">
     <span class='ocr_line' id='line_1_4' title="bbox 99 713 1198 794; baseline 0 -24"><span class='ocrx_word' id='word_1_29' title='bbox 99 715 279 783; x_wconf 66' lang='lat' dir='ltr'><strong>cererideri</strong></span> <span class='ocrx_word' id='word_1_30' title='bbox 295 716 349 774; x_wconf 87' lang='lat' dir='ltr'><strong>sed</strong></span> <span class='ocrx_word' id='word_1_31' title='bbox 362 715 484 793; x_wconf 89' lang='lat' dir='ltr'><strong>antiqua</strong></span> <span class='ocrx_word' id='word_1_32' title='bbox 493 716 556 794; x_wconf 89' lang='lat' dir='ltr'><strong>jam</strong></span> <span class='ocrx_word' id='word_1_33' title='bbox 570 725 601 774; x_wconf 93' lang='lat' dir='ltr'><strong>et</strong></span> <span class='ocrx_word' id='word_1_34' title='bbox 612 733 824 792; x_wconf 70' lang='lat' dir='ltr'>usquequaque</span> <span class='ocrx_word' id='word_1_35' title='bbox 839 713 985 771; x_wconf 81' lang='lat' dir='ltr'><strong>consessa.</strong></span> <span class='ocrx_word' id='word_1_36' title='bbox 1011 713 1111 789; x_wconf 77' lang='lat' dir='ltr'><strong>Atqui,</strong></span> <span class='ocrx_word' id='word_1_37' title='bbox 1127 713 1198 771; x_wconf 86' lang='lat' dir='ltr'><strong>Cte-</strong></span> 
     </span>
     <span class='ocr_line' id='line_1_5' title="bbox 101 805 1199 885; baseline 0 -23"><span class='ocrx_word' id='word_1_38' title='bbox 101 805 217 882; x_wconf 86' lang='lat' dir='ltr'><strong>siphon,</strong></span> <span class='ocrx_word' id='word_1_39' title='bbox 241 811 325 879; x_wconf 83' lang='lat' dir='ltr'><strong>eujus</strong></span> <span class='ocrx_word' id='word_1_40' title='bbox 352 825 468 867; x_wconf 86' lang='lat' dir='ltr'><strong>summa</strong></span> <span class='ocrx_word' id='word_1_41' title='bbox 486 807 598 885; x_wconf 73' lang='lat' dir='ltr'><strong>flagitia</strong></span> <span class='ocrx_word' id='word_1_42' title='bbox 618 809 656 866; x_wconf 89' lang='lat' dir='ltr'><strong>ab</strong></span> <span class='ocrx_word' id='word_1_43' title='bbox 674 805 856 864; x_wconf 76' lang='lat' dir='ltr'>auditoribus</span> <span class='ocrx_word' id='word_1_44' title='bbox 877 806 917 866; x_wconf 81' lang='lat' dir='ltr'><strong>ite</strong></span> <span class='ocrx_word' id='word_1_45' title='bbox 938 805 1058 883; x_wconf 84' lang='lat' dir='ltr'><strong>cognita</strong></span> <span class='ocrx_word' id='word_1_46' title='bbox 1078 813 1148 862; x_wconf 89' lang='lat' dir='ltr'><strong>sunt</strong></span> <span class='ocrx_word' id='word_1_47' title='bbox 1169 813 1199 862; x_wconf 87' lang='lat' dir='ltr'><strong>et</strong></span> 
     </span>
     <span class='ocr_line' id='line_1_6' title="bbox 99 897 1199 976; baseline -0.001 -20"><span class='ocrx_word' id='word_1_48' title='bbox 99 909 261 976; x_wconf 81' lang='lat' dir='ltr'><strong>comperta,</strong></span> <span class='ocrx_word' id='word_1_49' title='bbox 275 909 308 958; x_wconf 92' lang='lat' dir='ltr'><strong>ut</strong></span> <span class='ocrx_word' id='word_1_50' title='bbox 321 910 474 960; x_wconf 84' lang='lat' dir='ltr'><strong>accusator</strong></span> <span class='ocrx_word' id='word_1_51' title='bbox 486 919 546 958; x_wconf 87' lang='lat' dir='ltr'><strong>non</strong></span> <span class='ocrx_word' id='word_1_52' title='bbox 566 899 643 960; x_wconf 81' lang='lat' dir='ltr'><strong>falsa</strong></span> <span class='ocrx_word' id='word_1_53' title='bbox 664 899 772 967; x_wconf 83' lang='lat' dir='ltr'><strong>dicere,</strong></span> <span class='ocrx_word' id='word_1_54' title='bbox 788 897 842 971; x_wconf 81' lang='lat' dir='ltr'><strong>sed</strong></span> <span class='ocrx_word' id='word_1_55' title='bbox 860 905 960 956; x_wconf 87' lang='lat' dir='ltr'><strong>vetera</strong></span> <span class='ocrx_word' id='word_1_56' title='bbox 979 907 1011 956; x_wconf 88' lang='lat' dir='ltr'><strong>et</strong></span> <span class='ocrx_word' id='word_1_57' title='bbox 1028 897 1199 976; x_wconf 77' lang='lat' dir='ltr'><strong>pervulgata</strong></span> 
     </span>
     <span class='ocr_line' id='line_1_7' title="bbox 100 987 1199 1068; baseline 0.002 -23"><span class='ocrx_word' id='word_1_58' title='bbox 100 988 246 1060; x_wconf 84' lang='lat' dir='ltr'><strong>videatur,</strong></span> <span class='ocrx_word' id='word_1_59' title='bbox 258 1003 357 1050; x_wconf 84' lang='lat' dir='ltr'><strong>utrum</strong></span> <span class='ocrx_word' id='word_1_60' title='bbox 371 1011 437 1052; x_wconf 88' lang='lat' dir='ltr'><strong>enm</strong></span> <span class='ocrx_word' id='word_1_61' title='bbox 452 1011 541 1051; x_wconf 76' lang='lat' dir='ltr'><strong>aurea</strong></span> <span class='ocrx_word' id='word_1_62' title='bbox 553 1008 664 1050; x_wconf 84' lang='lat' dir='ltr'><strong>corona</strong></span> <span class='ocrx_word' id='word_1_63' title='bbox 682 989 796 1062; x_wconf 84' lang='lat' dir='ltr'><strong>donari,</strong></span> <span class='ocrx_word' id='word_1_64' title='bbox 811 1007 848 1047; x_wconf 87' lang='lat' dir='ltr'><strong>en</strong></span> <span class='ocrx_word' id='word_1_65' title='bbox 864 989 1019 1068; x_wconf 85' lang='lat' dir='ltr'><strong>vituperari</strong></span> <span class='ocrx_word' id='word_1_66' title='bbox 1040 987 1199 1050; x_wconf 68' lang='lat' dir='ltr'><strong>conuenit?</strong></span> 
     </span>
    </p>
   </div>
   <div class='ocr_carea' id='block_1_5' title="bbox 95 1077 1311 1251">
    <p class='ocr_par' dir='ltr' id='par_1_5' title="bbox 95 1077 1311 1251">
     <span class='ocr_line' id='line_1_8' title="bbox 99 1077 1294 1160; baseline 0.002 -23"><span class='ocrx_word' id='word_1_67' title='bbox 99 1080 234 1154; x_wconf 79' lang='lat' dir='ltr'><strong>Tovem,</strong></span> <span class='ocrx_word' id='word_1_68' title='bbox 247 1084 339 1160; x_wconf 85' lang='lat' dir='ltr'><strong>quiet</strong></span> <span class='ocrx_word' id='word_1_69' title='bbox 350 1084 426 1143; x_wconf 79' lang='lat' dir='ltr'><strong>falsa</strong></span> <span class='ocrx_word' id='word_1_70' title='bbox 439 1094 470 1142; x_wconf 88' lang='lat' dir='ltr'><strong>et</strong></span> <span class='ocrx_word' id='word_1_71' title='bbox 481 1084 595 1160; x_wconf 80' lang='lat' dir='ltr'><strong>legibus</strong></span> <span class='ocrx_word' id='word_1_72' title='bbox 608 1077 754 1140; x_wconf 83' lang='lat' dir='ltr'><strong>contraria</strong></span> <span class='ocrx_word' id='word_1_73' title='bbox 776 1082 902 1142; x_wconf 85' lang='lat' dir='ltr'><strong>seribere</strong></span> <span class='ocrx_word' id='word_1_74' title='bbox 924 1099 1014 1140; x_wconf 87' lang='lat' dir='ltr'><strong>ausus</strong></span> <span class='ocrx_word' id='word_1_75' title='bbox 1029 1080 1079 1152; x_wconf 88' lang='lat' dir='ltr'><strong>sis,</strong></span> <span class='ocrx_word' id='word_1_76' title='bbox 1100 1091 1198 1140; x_wconf 86' lang='lat' dir='ltr'><strong>utrum</strong></span> <span class='ocrx_word' id='word_1_77' title='bbox 1293 1125 1294 1128; x_wconf 16' lang='grc' dir='ltr'>η</span> 
     </span>
     <span class='ocr_line' id='line_1_9' title="bbox 95 1170 1311 1251; baseline 0.005 -21"><span class='ocrx_word' id='word_1_78' title='bbox 95 1170 274 1248; x_wconf 84' lang='lat' dir='ltr'><strong>judiciorum</strong></span> <span class='ocrx_word' id='word_1_79' title='bbox 284 1176 488 1234; x_wconf 84' lang='lat' dir='ltr'><strong>auctoritatam</strong></span> <span class='ocrx_word' id='word_1_80' title='bbox 499 1183 687 1236; x_wconf 83' lang='lat' dir='ltr'><strong>contemnere</strong></span> <span class='ocrx_word' id='word_1_81' title='bbox 696 1183 822 1250; x_wconf 81' lang='lat' dir='ltr'><strong>oportet,</strong></span> <span class='ocrx_word' id='word_1_82' title='bbox 833 1191 870 1232; x_wconf 84' lang='lat' dir='ltr'><strong>an</strong></span> <span class='ocrx_word' id='word_1_83' title='bbox 879 1173 989 1232; x_wconf 86' lang='lat' dir='ltr'><strong>civitati</strong></span> <span class='ocrx_word' id='word_1_84' title='bbox 998 1191 1100 1251; x_wconf 79' lang='lat' dir='ltr'><strong>poenas</strong></span> <span class='ocrx_word' id='word_1_85' title='bbox 1108 1171 1199 1232; x_wconf 75' lang='lat' dir='ltr'><strong>darei</strong></span> <span class='ocrx_word' id='word_1_86' title='bbox 1307 1231 1311 1236; x_wconf 88' lang='lat'><em>.</em></span> 
     </span>
    </p>
   </div>
   <div class='ocr_carea' id='block_1_6' title="bbox 80 1263 1276 3356">
    <p class='ocr_par' dir='ltr' id='par_1_6' title="bbox 80 1263 1276 3356">
     <span class='ocr_line' id='line_1_10' title="bbox 141 1263 1197 1344; baseline 0 -23"><span class='ocrx_word' id='word_1_87' title='bbox 141 1267 191 1322; x_wconf 77' lang='lat'><strong>21.</strong></span> <span class='ocrx_word' id='word_1_88' title='bbox 214 1265 261 1324; x_wconf 91' lang='lat' dir='ltr'><strong>De</strong></span> <span class='ocrx_word' id='word_1_89' title='bbox 274 1267 399 1344; x_wconf 87' lang='lat' dir='ltr'><strong>publicis</strong></span> <span class='ocrx_word' id='word_1_90' title='bbox 413 1276 511 1324; x_wconf 86' lang='lat' dir='ltr'><strong>autem</strong></span> <span class='ocrx_word' id='word_1_91' title='bbox 532 1265 700 1324; x_wconf 84' lang='lat' dir='ltr'><strong>criminibus</strong></span> <span class='ocrx_word' id='word_1_92' title='bbox 720 1263 837 1342; x_wconf 85' lang='lat' dir='ltr'><strong>planius</strong></span> <span class='ocrx_word' id='word_1_93' title='bbox 858 1263 956 1340; x_wconf 84' lang='lat' dir='ltr'><strong>eloqui</strong></span> <span class='ocrx_word' id='word_1_94' title='bbox 978 1266 1115 1323; x_wconf 86' lang='lat' dir='ltr'><strong>conabor.</strong></span> <span class='ocrx_word' id='word_1_95' title='bbox 1152 1263 1197 1322; x_wconf 92' lang='lat' dir='ltr'><strong>Si·</strong></span> 
     </span>
     <span class='ocr_line' id='line_1_11' title="bbox 100 1353 1197 1430; baseline 0.001 -17"><span class='ocrx_word' id='word_1_96' title='bbox 100 1355 222 1430; x_wconf 85' lang='lat' dir='ltr'><strong>quidem</strong></span> <span class='ocrx_word' id='word_1_97' title='bbox 241 1356 331 1417; x_wconf 88' lang='lat' dir='ltr'><strong>audio</strong></span> <span class='ocrx_word' id='word_1_98' title='bbox 346 1356 588 1421; x_wconf 84' lang='lat' dir='ltr'><strong>Demosthenem.</strong></span> <span class='ocrx_word' id='word_1_99' title='bbox 609 1355 730 1415; x_wconf 86' lang='lat' dir='ltr'><strong>eumad</strong></span> <span class='ocrx_word' id='word_1_100' title='bbox 744 1373 795 1414; x_wconf 86' lang='lat' dir='ltr'><strong>eos</strong></span> <span class='ocrx_word' id='word_1_101' title='bbox 813 1353 930 1413; x_wconf 87' lang='lat' dir='ltr'><strong>dicendi</strong></span> <span class='ocrx_word' id='word_1_102' title='bbox 949 1355 1027 1413; x_wconf 83' lang='lat' dir='ltr'><strong>uices</strong></span> <span class='ocrx_word' id='word_1_103' title='bbox 1049 1357 1197 1428; x_wconf 76' lang='lat' dir='ltr'><strong>redierint,</strong></span> 
     </span>
     <span class='ocr_line' id='line_1_12' title="bbox 98 1446 1199 1527; baseline 0.001 -22"><span class='ocrx_word' id='word_1_104' title='bbox 98 1459 228 1522; x_wconf 85' lang='lat' dir='ltr'><strong>quatuor</strong></span> <span class='ocrx_word' id='word_1_105' title='bbox 248 1449 328 1525; x_wconf 89' lang='lat' dir='ltr'><strong>apud</strong></span> <span class='ocrx_word' id='word_1_106' title='bbox 349 1467 400 1506; x_wconf 85' lang='lat' dir='ltr'><strong>vos</strong></span> <span class='ocrx_word' id='word_1_107' title='bbox 421 1459 555 1527; x_wconf 87' lang='lat' dir='ltr'><strong>tempora</strong></span> <span class='ocrx_word' id='word_1_108' title='bbox 575 1448 722 1526; x_wconf 70' lang='lat' dir='ltr'><strong>preterita</strong></span> <span class='ocrx_word' id='word_1_109' title='bbox 741 1455 990 1516; x_wconf 77' lang='lat' dir='ltr'><strong>enumeraturum,</strong></span> <span class='ocrx_word' id='word_1_110' title='bbox 1013 1446 1117 1522; x_wconf 87' lang='lat' dir='ltr'><strong>quibus</strong></span> <span class='ocrx_word' id='word_1_111' title='bbox 1135 1448 1199 1524; x_wconf 87' lang='lat' dir='ltr'><strong>ipse</strong></span> 
     </span>
     <span class='ocr_line' id='line_1_13' title="bbox 99 1539 1199 1618; baseline 0.002 -22"><span class='ocrx_word' id='word_1_112' title='bbox 99 1558 193 1616; x_wconf 85' lang='lat' dir='ltr'><strong>remp.</strong></span> <span class='ocrx_word' id='word_1_113' title='bbox 205 1541 427 1600; x_wconf 83' lang='lat' dir='ltr'><strong>administravit.</strong></span> <span class='ocrx_word' id='word_1_114' title='bbox 464 1542 597 1612; x_wconf 87' lang='lat' dir='ltr'><strong>Quorum</strong></span> <span class='ocrx_word' id='word_1_115' title='bbox 611 1561 703 1600; x_wconf 87' lang='lat' dir='ltr'><strong>unum</strong></span> <span class='ocrx_word' id='word_1_116' title='bbox 721 1539 851 1618; x_wconf 87' lang='lat' dir='ltr'><strong>quidem,</strong></span> <span class='ocrx_word' id='word_1_117' title='bbox 864 1548 899 1596; x_wconf 90' lang='lat' dir='ltr'><strong>ut</strong></span> <span class='ocrx_word' id='word_1_118' title='bbox 918 1557 974 1616; x_wconf 84' lang='lat' dir='ltr'><strong>ego</strong></span> <span class='ocrx_word' id='word_1_119' title='bbox 987 1539 1097 1616; x_wconf 86' lang='lat' dir='ltr'><strong>accepi,</strong></span> <span class='ocrx_word' id='word_1_120' title='bbox 1111 1539 1199 1616; x_wconf 84' lang='lat' dir='ltr'><strong>idque</strong></span> 
     </span>
     <span class='ocr_line' id='line_1_14' title="bbox 98 1627 1199 1710; baseline -0.001 -22"><span class='ocrx_word' id='word_1_121' title='bbox 98 1631 230 1690; x_wconf 89' lang='lat' dir='ltr'><strong>omnium</strong></span> <span class='ocrx_word' id='word_1_122' title='bbox 242 1635 367 1710; x_wconf 89' lang='lat' dir='ltr'><strong>primurn</strong></span> <span class='ocrx_word' id='word_1_123' title='bbox 381 1645 527 1702; x_wconf 72' lang='lat' dir='ltr'><strong>recenset,</strong></span> <span class='ocrx_word' id='word_1_124' title='bbox 542 1653 602 1710; x_wconf 91' lang='lat' dir='ltr'><strong>quo</strong></span> <span class='ocrx_word' id='word_1_125' title='bbox 616 1634 653 1691; x_wconf 86' lang='lat' dir='ltr'><strong>de</strong></span> <span class='ocrx_word' id='word_1_126' title='bbox 666 1627 837 1709; x_wconf 83' lang='lat' dir='ltr'><strong>Amphipoli</strong></span> <span class='ocrx_word' id='word_1_127' title='bbox 855 1629 966 1689; x_wconf 92' lang='lat' dir='ltr'><strong>bellum</strong></span> <span class='ocrx_word' id='word_1_128' title='bbox 979 1649 1048 1690; x_wconf 86' lang='lat' dir='ltr'><strong>cum</strong></span> <span class='ocrx_word' id='word_1_129' title='bbox 1062 1629 1199 1708; x_wconf 85' lang='lat' dir='ltr'><strong>Philippa</strong></span> 
     </span>
     <span class='ocr_line' id='line_1_15' title="bbox 99 1721 1199 1802; baseline -0.002 -20"><span class='ocrx_word' id='word_1_130' title='bbox 99 1725 295 1799; x_wconf 74' lang='lat' dir='ltr'><strong>gerebamusz</strong></span> <span class='ocrx_word' id='word_1_131' title='bbox 316 1725 345 1783; x_wconf 90' lang='lat' dir='ltr'><strong>id</strong></span> <span class='ocrx_word' id='word_1_132' title='bbox 367 1735 466 1783; x_wconf 82' lang='lat' dir='ltr'><strong>autern</strong></span> <span class='ocrx_word' id='word_1_133' title='bbox 479 1734 596 1802; x_wconf 87' lang='lat' dir='ltr'><strong>tempus</strong></span> <span class='ocrx_word' id='word_1_134' title='bbox 613 1722 726 1782; x_wconf 85' lang='lat' dir='ltr'><strong>definiit</strong></span> <span class='ocrx_word' id='word_1_135' title='bbox 745 1741 817 1800; x_wconf 85' lang='lat' dir='ltr'><strong>paee</strong></span> <span class='ocrx_word' id='word_1_136' title='bbox 833 1721 883 1781; x_wconf 86' lang='lat' dir='ltr'><strong>illa</strong></span> <span class='ocrx_word' id='word_1_137' title='bbox 903 1732 933 1781; x_wconf 90' lang='lat' dir='ltr'><strong>et</strong></span> <span class='ocrx_word' id='word_1_138' title='bbox 950 1723 1089 1782; x_wconf 81' lang='lat' dir='ltr'><strong>societate</strong></span> <span class='ocrx_word' id='word_1_139' title='bbox 1107 1721 1199 1794; x_wconf 76' lang='lat' dir='ltr'><strong>facta,</strong></span> 
     </span>
     <span class='ocr_line' id='line_1_16' title="bbox 98 1801 1243 1892; baseline 0.001 -20"><span class='ocrx_word' id='word_1_140' title='bbox 98 1831 191 1890; x_wconf 87' lang='lat' dir='ltr'><strong>quam</strong></span> <span class='ocrx_word' id='word_1_141' title='bbox 211 1815 328 1876; x_wconf 77' lang='lat' dir='ltr'><strong>decreto</strong></span> <span class='ocrx_word' id='word_1_142' title='bbox 349 1816 446 1876; x_wconf 78' lang='lat' dir='ltr'><strong>sanxit</strong></span> <span class='ocrx_word' id='word_1_143' title='bbox 464 1814 646 1875; x_wconf 83' lang='lat' dir='ltr'><strong>Philocrates</strong></span> <span class='ocrx_word' id='word_1_144' title='bbox 671 1815 832 1892; x_wconf 81' lang='lat' dir='ltr'><strong>Agnusius,</strong></span> <span class='ocrx_word' id='word_1_145' title='bbox 855 1823 884 1872; x_wconf 91' lang='lat' dir='ltr'><strong>et</strong></span> <span class='ocrx_word' id='word_1_146' title='bbox 910 1814 965 1874; x_wconf 87' lang='lat' dir='ltr'><strong>iste</strong></span> <span class='ocrx_word' id='word_1_147' title='bbox 986 1813 1051 1892; x_wconf 88' lang='lat' dir='ltr'><strong>ipse</strong></span> <span class='ocrx_word' id='word_1_148' title='bbox 1068 1832 1136 1873; x_wconf 88' lang='lat' dir='ltr'><strong>cum</strong></span> <span class='ocrx_word' id='word_1_149' title='bbox 1163 1833 1200 1873; x_wconf 91' lang='lat' dir='ltr'><strong>eo</strong></span> <span class='ocrx_word' id='word_1_150' title='bbox 1240 1801 1243 1808; x_wconf 41' lang='lat'><em>⁴</em></span> 
     </span>
     <span class='ocr_line' id='line_1_17' title="bbox 97 1903 1257 1985; baseline -0.001 -21"><span class='ocrx_word' id='word_1_151' title='bbox 97 1906 288 1985; x_wconf 85' lang='lat' dir='ltr'><strong>conjunctus,</strong></span> <span class='ocrx_word' id='word_1_152' title='bbox 303 1907 347 1966; x_wconf 86' lang='lat' dir='ltr'><strong>uti</strong></span> <span class='ocrx_word' id='word_1_153' title='bbox 365 1925 425 1985; x_wconf 82' lang='lat' dir='ltr'><strong>ego</strong></span> <span class='ocrx_word' id='word_1_154' title='bbox 440 1907 604 1966; x_wconf 84' lang='lat' dir='ltr'><strong>ostendam.</strong></span> <span class='ocrx_word' id='word_1_155' title='bbox 639 1903 809 1964; x_wconf 85' lang='lat' dir='ltr'><strong>Secundum</strong></span> <span class='ocrx_word' id='word_1_156' title='bbox 824 1904 914 1964; x_wconf 84' lang='lat' dir='ltr'><strong>luisse</strong></span> <span class='ocrx_word' id='word_1_157' title='bbox 935 1912 1051 1982; x_wconf 77' lang='lat' dir='ltr'><strong>ternpus</strong></span> <span class='ocrx_word' id='word_1_158' title='bbox 1069 1905 1120 1977; x_wconf 75' lang='lat' dir='ltr'><strong>alt,</strong></span> <span class='ocrx_word' id='word_1_159' title='bbox 1138 1923 1198 1983; x_wconf 90' lang='lat' dir='ltr'><strong>quo</strong></span> <span class='ocrx_word' id='word_1_160' title='bbox 1255 1919 1257 1924; x_wconf 85' lang='lat'>·</span> 
     </span>
     <span class='ocr_line' id='line_1_18' title="bbox 98 1996 1199 2075; baseline 0.002 -21"><span class='ocrx_word' id='word_1_161' title='bbox 98 2013 203 2073; x_wconf 80' lang='lat' dir='ltr'><strong>paoem</strong></span> <span class='ocrx_word' id='word_1_162' title='bbox 217 1997 409 2069; x_wconf 83' lang='lat' dir='ltr'><strong>habebamus,</strong></span> <span class='ocrx_word' id='word_1_163' title='bbox 419 1997 554 2060; x_wconf 85' lang='lat' dir='ltr'><strong>nimirum</strong></span> <span class='ocrx_word' id='word_1_164' title='bbox 568 1997 607 2058; x_wconf 94' lang='lat' dir='ltr'><strong>ad</strong></span> <span class='ocrx_word' id='word_1_165' title='bbox 620 2015 686 2056; x_wconf 90' lang='lat' dir='ltr'><strong>eum</strong></span> <span class='ocrx_word' id='word_1_166' title='bbox 695 2015 792 2074; x_wconf 89' lang='lat' dir='ltr'><strong>usque</strong></span> <span class='ocrx_word' id='word_1_167' title='bbox 807 1996 893 2067; x_wconf 81' lang='lat' dir='ltr'><strong>diem,</strong></span> <span class='ocrx_word' id='word_1_168' title='bbox 904 2015 963 2075; x_wconf 87' lang='lat' dir='ltr'><strong>quo</strong></span> <span class='ocrx_word' id='word_1_169' title='bbox 976 2015 1048 2074; x_wconf 90' lang='lat' dir='ltr'><strong>pace</strong></span> <span class='ocrx_word' id='word_1_170' title='bbox 1061 2013 1122 2075; x_wconf 83' lang='lat' dir='ltr'><strong>qua</strong></span> <span class='ocrx_word' id='word_1_171' title='bbox 1134 2003 1199 2056; x_wconf 86' lang='lat' dir='ltr'><strong>ute·</strong></span> 
     </span>
     <span class='ocr_line' id='line_1_19' title="bbox 97 2087 1199 2168; baseline 0.004 -24"><span class='ocrx_word' id='word_1_172' title='bbox 97 2087 187 2146; x_wconf 87' lang='lat' dir='ltr'><strong>batur</strong></span> <span class='ocrx_word' id='word_1_173' title='bbox 199 2089 302 2149; x_wconf 74' lang='lat' dir='ltr'><strong>ciuitas</strong></span> <span class='ocrx_word' id='word_1_174' title='bbox 316 2091 463 2168; x_wconf 87' lang='lat' dir='ltr'><strong>dirempta</strong></span> <span class='ocrx_word' id='word_1_175' title='bbox 482 2090 561 2149; x_wconf 88' lang='lat' dir='ltr'><strong>idam</strong></span> <span class='ocrx_word' id='word_1_176' title='bbox 583 2091 639 2150; x_wconf 86' lang='lat' dir='ltr'><strong>iste</strong></span> <span class='ocrx_word' id='word_1_177' title='bbox 653 2098 750 2153; x_wconf 86' lang='lat' dir='ltr'><strong>orator</strong></span> <span class='ocrx_word' id='word_1_178' title='bbox 767 2088 877 2150; x_wconf 87' lang='lat' dir='ltr'><strong>bellum</strong></span> <span class='ocrx_word' id='word_1_179' title='bbox 892 2088 1030 2151; x_wconf 87' lang='lat' dir='ltr'><strong>decrevit.</strong></span> <span class='ocrx_word' id='word_1_180' title='bbox 1068 2089 1199 2148; x_wconf 84' lang='lat' dir='ltr'><strong>Tertium</strong></span> 
     </span>
     <span class='ocr_line' id='line_1_20' title="bbox 96 2181 1201 2262; baseline 0.004 -26"><span class='ocrx_word' id='word_1_181' title='bbox 96 2197 167 2237; x_wconf 84' lang='lat' dir='ltr'><strong>vero</strong></span> <span class='ocrx_word' id='word_1_182' title='bbox 180 2197 248 2238; x_wconf 89' lang='lat' dir='ltr'><strong>cum</strong></span> <span class='ocrx_word' id='word_1_183' title='bbox 267 2181 377 2245; x_wconf 85' lang='lat' dir='ltr'><strong>bellurn</strong></span> <span class='ocrx_word' id='word_1_184' title='bbox 401 2182 558 2260; x_wconf 85' lang='lat' dir='ltr'><strong>gessimus,</strong></span> <span class='ocrx_word' id='word_1_185' title='bbox 573 2201 667 2262; x_wconf 89' lang='lat' dir='ltr'><strong>nsque</strong></span> <span class='ocrx_word' id='word_1_186' title='bbox 681 2182 720 2240; x_wconf 85' lang='lat' dir='ltr'><strong>nd</strong></span> <span class='ocrx_word' id='word_1_187' title='bbox 727 2181 879 2242; x_wconf 81' lang='lat' dir='ltr'><strong>infelicem</strong></span> <span class='ocrx_word' id='word_1_188' title='bbox 893 2181 975 2240; x_wconf 91' lang='lat' dir='ltr'><strong>illum</strong></span> <span class='ocrx_word' id='word_1_189' title='bbox 990 2181 1020 2240; x_wconf 92' lang='lat' dir='ltr'><strong>in</strong></span> <span class='ocrx_word' id='word_1_190' title='bbox 1034 2181 1201 2241; x_wconf 70' lang='lat' dir='ltr'><strong>Charonea</strong></span> 
     </span>
     <span class='ocr_line' id='line_1_21' title="bbox 95 2270 1276 2352; baseline 0.003 -24"><span class='ocrx_word' id='word_1_191' title='bbox 95 2270 278 2330; x_wconf 78' lang='lat' dir='ltr'><strong>conflictum.</strong></span> <span class='ocrx_word' id='word_1_192' title='bbox 317 2273 461 2340; x_wconf 87' lang='lat' dir='ltr'><strong>Quartum</strong></span> <span class='ocrx_word' id='word_1_193' title='bbox 479 2273 606 2351; x_wconf 89' lang='lat' dir='ltr'><strong>denique</strong></span> <span class='ocrx_word' id='word_1_194' title='bbox 622 2275 653 2333; x_wconf 94' lang='lat' dir='ltr'><strong>in</strong></span> <span class='ocrx_word' id='word_1_195' title='bbox 666 2290 726 2352; x_wconf 92' lang='lat' dir='ltr'><strong>quo</strong></span> <span class='ocrx_word' id='word_1_196' title='bbox 739 2291 819 2332; x_wconf 90' lang='lat' dir='ltr'><strong>nunc</strong></span> <span class='ocrx_word' id='word_1_197' title='bbox 832 2291 989 2332; x_wconf 78' lang='lat' dir='ltr'><strong>versemur.</strong></span> <span class='ocrx_word' id='word_1_198' title='bbox 1032 2273 1087 2331; x_wconf 85' lang='lat' dir='ltr'><strong>llis</strong></span> <span class='ocrx_word' id='word_1_199' title='bbox 1112 2273 1201 2351; x_wconf 84' lang='lat' dir='ltr'><strong>igitur</strong></span> <span class='ocrx_word' id='word_1_200' title='bbox 1271 2277 1276 2280; x_wconf 80' lang='grc'><strong>’</strong></span> 
     </span>
     <span class='ocr_line' id='line_1_22' title="bbox 95 2366 1200 2445; baseline 0.005 -25"><span class='ocrx_word' id='word_1_201' title='bbox 95 2366 284 2435; x_wconf 75' lang='lat' dir='ltr'><strong>enumeratis,</strong></span> <span class='ocrx_word' id='word_1_202' title='bbox 298 2384 357 2435; x_wconf 87' lang='lat' dir='ltr'><strong>me,</strong></span> <span class='ocrx_word' id='word_1_203' title='bbox 372 2375 408 2424; x_wconf 85' lang='lat' dir='ltr'><strong>ut</strong></span> <span class='ocrx_word' id='word_1_204' title='bbox 427 2366 525 2435; x_wconf 86' lang='lat' dir='ltr'><strong>audio,</strong></span> <span class='ocrx_word' id='word_1_205' title='bbox 539 2366 740 2445; x_wconf 74' lang='lat' dir='ltr'><strong>appellaturus</strong></span> <span class='ocrx_word' id='word_1_206' title='bbox 755 2376 801 2426; x_wconf 88' lang='lat' dir='ltr'><strong>est</strong></span> <span class='ocrx_word' id='word_1_207' title='bbox 813 2375 845 2425; x_wconf 85' lang='lat' dir='ltr'><strong>et</strong></span> <span class='ocrx_word' id='word_1_208' title='bbox 857 2377 1023 2445; x_wconf 79' lang='lat' dir='ltr'><strong>rogaturus,</strong></span> <span class='ocrx_word' id='word_1_209' title='bbox 1037 2367 1132 2427; x_wconf 83' lang='lat' dir='ltr'><strong>utrius</strong></span> <span class='ocrx_word' id='word_1_210' title='bbox 1145 2367 1200 2444; x_wconf 58' lang='lat' dir='ltr'><strong>hof·</strong></span> 
     </span>
     <span class='ocr_line' id='line_1_23' title="bbox 98 2457 1256 2540; baseline 0.009 -29"><span class='ocrx_word' id='word_1_211' title='bbox 98 2471 165 2512; x_wconf 85' lang='lat' dir='ltr'><strong>rum</strong></span> <span class='ocrx_word' id='word_1_212' title='bbox 178 2464 304 2530; x_wconf 82' lang='lat' dir='ltr'><strong>quatuor</strong></span> <span class='ocrx_word' id='word_1_213' title='bbox 315 2465 480 2532; x_wconf 88' lang='lat' dir='ltr'><strong>temporum</strong></span> <span class='ocrx_word' id='word_1_214' title='bbox 494 2476 562 2515; x_wconf 86' lang='lat' dir='ltr'><strong>eum</strong></span> <span class='ocrx_word' id='word_1_215' title='bbox 576 2458 720 2527; x_wconf 89' lang='lat' dir='ltr'><strong>incusem,</strong></span> <span class='ocrx_word' id='word_1_216' title='bbox 735 2469 767 2516; x_wconf 88' lang='lat' dir='ltr'><strong>et</strong></span> <span class='ocrx_word' id='word_1_217' title='bbox 779 2459 979 2536; x_wconf 82' lang='lat' dir='ltr'><strong>quandoeum</strong></span> <span class='ocrx_word' id='word_1_218' title='bbox 993 2457 1068 2536; x_wconf 73' lang='lat' dir='ltr'><strong>&#39;quse</strong></span> <span class='ocrx_word' id='word_1_219' title='bbox 1090 2460 1200 2540; x_wconf 88' lang='lat' dir='ltr'><strong>populo</strong></span> <span class='ocrx_word' id='word_1_220' title='bbox 1252 2497 1256 2501; x_wconf 95' lang='lat'>·</span> 
     </span>
     <span class='ocr_line' id='line_1_24' title="bbox 96 2543 1197 2628; baseline 0.007 -24"><span class='ocrx_word' id='word_1_221' title='bbox 96 2545 253 2607; x_wconf 81' lang='lat' dir='ltr'><strong>utilissima</strong></span> <span class='ocrx_word' id='word_1_222' title='bbox 267 2543 367 2603; x_wconf 86' lang='lat' dir='ltr'><strong>sintin</strong></span> <span class='ocrx_word' id='word_1_223' title='bbox 386 2565 448 2622; x_wconf 88' lang='lat' dir='ltr'><strong>rep.</strong></span> <span class='ocrx_word' id='word_1_224' title='bbox 468 2546 700 2604; x_wconf 77' lang='lat' dir='ltr'><strong>administranda</strong></span> <span class='ocrx_word' id='word_1_225' title='bbox 713 2550 840 2623; x_wconf 82' lang='lat' dir='ltr'><strong>gessisse</strong></span> <span class='ocrx_word' id='word_1_226' title='bbox 857 2568 980 2626; x_wconf 84' lang='lat' dir='ltr'><strong>negem:</strong></span> <span class='ocrx_word' id='word_1_227' title='bbox 1003 2551 1083 2628; x_wconf 88' lang='lat' dir='ltr'><strong>quod</strong></span> <span class='ocrx_word' id='word_1_228' title='bbox 1102 2553 1129 2612; x_wconf 90' lang='lat' dir='ltr'><strong>si</strong></span> <span class='ocrx_word' id='word_1_229' title='bbox 1153 2571 1197 2612; x_wconf 86' lang='lat' dir='ltr'><strong>re·</strong></span> 
     </span>
     <span class='ocr_line' id='line_1_25' title="bbox 97 2634 1267 2716; baseline 0.006 -20"><span class='ocrx_word' id='word_1_230' title='bbox 97 2637 247 2716; x_wconf 86' lang='lat' dir='ltr'><strong>spondere</strong></span> <span class='ocrx_word' id='word_1_231' title='bbox 269 2635 369 2705; x_wconf 83' lang='lat' dir='ltr'><strong>nolim,</strong></span> <span class='ocrx_word' id='word_1_232' title='bbox 389 2635 441 2693; x_wconf 86' lang='lat' dir='ltr'><strong>sed</strong></span> <span class='ocrx_word' id='word_1_233' title='bbox 463 2634 565 2693; x_wconf 82' lang='lat' dir='ltr'><strong>oculos</strong></span> <span class='ocrx_word' id='word_1_234' title='bbox 585 2635 734 2694; x_wconf 85' lang='lat' dir='ltr'><strong>obduxero</strong></span> <span class='ocrx_word' id='word_1_235' title='bbox 752 2649 785 2694; x_wconf 90' lang='lat' dir='ltr'><strong>et</strong></span> <span class='ocrx_word' id='word_1_236' title='bbox 804 2637 966 2714; x_wconf 75' lang='lat' dir='ltr'><strong>aufugiam,</strong></span> <span class='ocrx_word' id='word_1_237' title='bbox 981 2641 1023 2698; x_wconf 85' lang='lat' dir='ltr'><strong>ait</strong></span> <span class='ocrx_word' id='word_1_238' title='bbox 1042 2661 1074 2700; x_wconf 89' lang='lat' dir='ltr'><strong>se</strong></span> <span class='ocrx_word' id='word_1_239' title='bbox 1098 2661 1199 2703; x_wconf 71' lang='lat' dir='ltr'><strong>mees-</strong></span> <span class='ocrx_word' id='word_1_240' title='bbox 1263 2671 1267 2682; x_wconf 90' lang='lat'><em>·</em></span> 
     </span>
     <span class='ocr_line' id='line_1_26' title="bbox 97 2725 1198 2806; baseline 0.001 -17"><span class='ocrx_word' id='word_1_241' title='bbox 97 2747 211 2800; x_wconf 90' lang='lat' dir='ltr'><strong>surum,</strong></span> <span class='ocrx_word' id='word_1_242' title='bbox 233 2745 269 2786; x_wconf 82' lang='lat' dir='ltr'><strong>ac</strong></span> <span class='ocrx_word' id='word_1_243' title='bbox 282 2725 515 2802; x_wconf 77' lang='lat' dir='ltr'><strong>integumentum</strong></span> <span class='ocrx_word' id='word_1_244' title='bbox 526 2743 623 2784; x_wconf 86' lang='lat' dir='ltr'><strong>meum</strong></span> <span class='ocrx_word' id='word_1_245' title='bbox 638 2725 834 2793; x_wconf 80' lang='lat' dir='ltr'><strong>revolsorum,</strong></span> <span class='ocrx_word' id='word_1_246' title='bbox 848 2727 1001 2804; x_wconf 87' lang='lat' dir='ltr'><strong>abreptum</strong></span> <span class='ocrx_word' id='word_1_247' title='bbox 1020 2727 1145 2806; x_wconf 84' lang='lat' dir='ltr'><strong>denique</strong></span> <span class='ocrx_word' id='word_1_248' title='bbox 1159 2732 1198 2792; x_wconf 90' lang='lat' dir='ltr'><strong>ad</strong></span> 
     </span>
     <span class='ocr_line' id='line_1_27' title="bbox 97 2815 1200 2899; baseline 0.001 -17"><span class='ocrx_word' id='word_1_249' title='bbox 97 2830 285 2899; x_wconf 79' lang='lat' dir='ltr'><strong>suggestum,</strong></span> <span class='ocrx_word' id='word_1_250' title='bbox 298 2818 328 2875; x_wconf 85' lang='lat' dir='ltr'><strong>vi</strong></span> <span class='ocrx_word' id='word_1_251' title='bbox 340 2835 387 2875; x_wconf 87' lang='lat' dir='ltr'><strong>me</strong></span> <span class='ocrx_word' id='word_1_252' title='bbox 398 2825 566 2874; x_wconf 88' lang='lat' dir='ltr'><strong>coacturum</strong></span> <span class='ocrx_word' id='word_1_253' title='bbox 580 2823 614 2872; x_wconf 85' lang='lat' dir='ltr'><strong>ut</strong></span> <span class='ocrx_word' id='word_1_254' title='bbox 622 2815 829 2892; x_wconf 86' lang='lat' dir='ltr'><strong>respondeam.</strong></span> <span class='ocrx_word' id='word_1_255' title='bbox 864 2815 906 2872; x_wconf 91' lang='lat' dir='ltr'><strong>Ut</strong></span> <span class='ocrx_word' id='word_1_256' title='bbox 919 2816 1007 2894; x_wconf 84' lang='lat' dir='ltr'><strong>igitur</strong></span> <span class='ocrx_word' id='word_1_257' title='bbox 1020 2837 1076 2880; x_wconf 87' lang='lat' dir='ltr'><strong>nec</strong></span> <span class='ocrx_word' id='word_1_258' title='bbox 1089 2819 1147 2881; x_wconf 80' lang='lat' dir='ltr'><strong>iste</strong></span> <span class='ocrx_word' id='word_1_259' title='bbox 1158 2825 1200 2883; x_wconf 88' lang='lat' dir='ltr'><strong>ita</strong></span> 
     </span>
     <span class='ocr_line' id='line_1_28' title="bbox 95 2907 1199 2990; baseline 0 -15"><span class='ocrx_word' id='word_1_260' title='bbox 95 2916 207 2975; x_wconf 74' lang='lat' dir='ltr'><strong>viribus</strong></span> <span class='ocrx_word' id='word_1_261' title='bbox 221 2909 363 2980; x_wconf 81' lang='lat' dir='ltr'><strong>confidat,</strong></span> <span class='ocrx_word' id='word_1_262' title='bbox 377 2919 408 2968; x_wconf 89' lang='lat' dir='ltr'><strong>et</strong></span> <span class='ocrx_word' id='word_1_263' title='bbox 426 2927 478 2968; x_wconf 85' lang='lat' dir='ltr'><strong>vos</strong></span> <span class='ocrx_word' id='word_1_264' title='bbox 491 2907 742 2987; x_wconf 70' lang='lat' dir='ltr'><strong>premoneaminl,</strong></span> <span class='ocrx_word' id='word_1_265' title='bbox 755 2915 787 2965; x_wconf 83' lang='lat' dir='ltr'><strong>et</strong></span> <span class='ocrx_word' id='word_1_266' title='bbox 801 2925 858 2985; x_wconf 87' lang='lat' dir='ltr'><strong>ego</strong></span> <span class='ocrx_word' id='word_1_267' title='bbox 871 2907 924 2966; x_wconf 85' lang='lat' dir='ltr'><strong>tibi</strong></span> <span class='ocrx_word' id='word_1_268' title='bbox 937 2910 1133 2988; x_wconf 79' lang='lat' dir='ltr'><strong>respondeam</strong></span> <span class='ocrx_word' id='word_1_269' title='bbox 1147 2934 1199 2990; x_wconf 83' lang='lat' dir='ltr'><strong>co·</strong></span> 
     </span>
     <span class='ocr_line' id='line_1_29' title="bbox 97 2999 1198 3084; baseline -0.001 -16"><span class='ocrx_word' id='word_1_270' title='bbox 97 3027 163 3068; x_wconf 86' lang='lat' dir='ltr'><strong>ram</strong></span> <span class='ocrx_word' id='word_1_271' title='bbox 172 3004 330 3084; x_wconf 84' lang='lat' dir='ltr'><strong>judicibus,</strong></span> <span class='ocrx_word' id='word_1_272' title='bbox 345 3001 573 3071; x_wconf 76' lang='lat' dir='ltr'><strong>Demosthenes,</strong></span> <span class='ocrx_word' id='word_1_273' title='bbox 593 2999 770 3078; x_wconf 74' lang='lat' dir='ltr'><strong>reliquisque</strong></span> <span class='ocrx_word' id='word_1_274' title='bbox 790 2999 912 3072; x_wconf 84' lang='lat' dir='ltr'><strong>civibus,</strong></span> <span class='ocrx_word' id='word_1_275' title='bbox 926 3001 976 3076; x_wconf 92' lang='lat' dir='ltr'><strong>qui</strong></span> <span class='ocrx_word' id='word_1_276' title='bbox 989 3003 1059 3062; x_wconf 86' lang='lat' dir='ltr'><strong>loris</strong></span> <span class='ocrx_word' id='word_1_277' title='bbox 1074 3005 1198 3068; x_wconf 83' lang='lat' dir='ltr'><strong>eircum-</strong></span> 
     </span>
     <span class='ocr_line' id='line_1_30' title="bbox 88 3089 1198 3171; baseline 0.004 -16"><span class='ocrx_word' id='word_1_278' title='bbox 88 3100 219 3170; x_wconf 63' lang='lat' dir='ltr'><strong>aistuqt,</strong></span> <span class='ocrx_word' id='word_1_279' title='bbox 240 3105 272 3155; x_wconf 90' lang='lat' dir='ltr'><strong>et</strong></span> <span class='ocrx_word' id='word_1_280' title='bbox 290 3113 388 3158; x_wconf 87' lang='lat' dir='ltr'><strong>coram</strong></span> <span class='ocrx_word' id='word_1_281' title='bbox 401 3091 515 3152; x_wconf 84' lang='lat' dir='ltr'><strong>Graecis</strong></span> <span class='ocrx_word' id='word_1_282' title='bbox 528 3092 634 3171; x_wconf 88' lang='lat' dir='ltr'><strong>quibus</strong></span> <span class='ocrx_word' id='word_1_283' title='bbox 648 3107 727 3156; x_wconf 74' lang='lat' dir='ltr'><strong>curm</strong></span> <span class='ocrx_word' id='word_1_284' title='bbox 738 3091 797 3150; x_wconf 77' lang='lat' dir='ltr'><strong>{uit</strong></span> <span class='ocrx_word' id='word_1_285' title='bbox 808 3089 877 3152; x_wconf 86' lang='lat' dir='ltr'><strong>huie</strong></span> <span class='ocrx_word' id='word_1_286' title='bbox 890 3091 1004 3171; x_wconf 88' lang='lat' dir='ltr'><strong>judicio</strong></span> <span class='ocrx_word' id='word_1_287' title='bbox 1012 3093 1198 3169; x_wconf 86' lang='lat' dir='ltr'><strong>interesse-</strong></span> 
     </span>
     <span class='ocr_line' id='line_1_31' title="bbox 80 3184 1197 3264; baseline 0.006 -20"><span class='ocrx_word' id='word_1_288' title='bbox 80 3190 187 3262; x_wconf 77' lang='lat' dir='ltr'><strong>‚video</strong></span> <span class='ocrx_word' id='word_1_289' title='bbox 196 3198 293 3248; x_wconf 80' lang='lat' dir='ltr'><strong>nutem</strong></span> <span class='ocrx_word' id='word_1_290' title='bbox 306 3205 366 3244; x_wconf 90' lang='lat' dir='ltr'><strong>non</strong></span> <span class='ocrx_word' id='word_1_291' title='bbox 378 3203 491 3264; x_wconf 86' lang='lat' dir='ltr'><strong>paucos</strong></span> <span class='ocrx_word' id='word_1_292' title='bbox 503 3185 628 3254; x_wconf 83' lang='lat' dir='ltr'><strong>adstare,</strong></span> <span class='ocrx_word' id='word_1_293' title='bbox 643 3184 697 3243; x_wconf 87' lang='lat' dir='ltr'><strong>sed</strong></span> <span class='ocrx_word' id='word_1_294' title='bbox 708 3192 755 3242; x_wconf 83' lang='lat' dir='ltr'><strong>tot</strong></span> <span class='ocrx_word' id='word_1_295' title='bbox 769 3191 842 3261; x_wconf 91' lang='lat' dir='ltr'><strong>quot</strong></span> <span class='ocrx_word' id='word_1_296' title='bbox 855 3201 942 3242; x_wconf 86' lang='lat' dir='ltr'><strong>nemo</strong></span> <span class='ocrx_word' id='word_1_297' title='bbox 954 3203 1081 3264; x_wconf 85' lang='lat' dir='ltr'><strong>unquam</strong></span> <span class='ocrx_word' id='word_1_298' title='bbox 1095 3191 1197 3251; x_wconf 88' lang='lat' dir='ltr'><strong>menri·</strong></span> 
     </span>
     <span class='ocr_line' id='line_1_32' title="bbox 95 3275 1196 3356; baseline -0.001 -12"><span class='ocrx_word' id='word_1_299' title='bbox 95 3285 142 3344; x_wconf 87' lang='lat' dir='ltr'><strong>nit</strong></span> <span class='ocrx_word' id='word_1_300' title='bbox 151 3282 190 3343; x_wconf 86' lang='lat' dir='ltr'><strong>ad</strong></span> <span class='ocrx_word' id='word_1_301' title='bbox 203 3281 295 3340; x_wconf 87' lang='lat' dir='ltr'><strong>ullam</strong></span> <span class='ocrx_word' id='word_1_302' title='bbox 307 3297 427 3338; x_wconf 88' lang='lat' dir='ltr'><strong>eausam</strong></span> <span class='ocrx_word' id='word_1_303' title='bbox 445 3278 593 3356; x_wconf 83' lang='lat' dir='ltr'><strong>publicam</strong></span> <span class='ocrx_word' id='word_1_304' title='bbox 613 3275 837 3348; x_wconf 52' lang='lat' dir='ltr'><strong>convenissem,</strong></span> <span class='ocrx_word' id='word_1_305' title='bbox 849 3277 1024 3355; x_wconf 82' lang='lat' dir='ltr'><strong>respondeo,</strong></span> <span class='ocrx_word' id='word_1_306' title='bbox 1037 3299 1084 3340; x_wconf 89' lang='lat' dir='ltr'><strong>me</strong></span> <span class='ocrx_word' id='word_1_307' title='bbox 1103 3286 1196 3344; x_wconf 88' lang='lat' dir='ltr'><strong>omni-</strong></span> 
     </span>
    </p>
   </div>
   <div class='ocr_carea' id='block_1_7' title="bbox 94 3366 1316 3448">
    <p class='ocr_par' dir='ltr' id='par_1_7' title="bbox 94 3366 1316 3448">
     <span class='ocr_line' id='line_1_33' title="bbox 94 3366 1316 3448; baseline 0.003 -13"><span class='ocrx_word' id='word_1_308' title='bbox 94 3366 1057 3448; x_wconf 78' lang='lat' dir='ltr'><strong>umsorurnquetuortemporum,quoetudistinguis,teincuaare.</strong></span> <span class='ocrx_word' id='word_1_309' title='bbox 1071 3375 1197 3439; x_wconf 77' lang='lat' dir='ltr'><strong>Quodsi</strong></span> <span class='ocrx_word' id='word_1_310' title='bbox 1270 3429 1273 3436; x_wconf 85' lang='grc'><strong><em>,</em></strong></span> <span class='ocrx_word' id='word_1_311' title='bbox 1314 3397 1316 3402; x_wconf 77' lang='grc'>’</span> 
     </span>
    </p>
   </div>
   <div class='ocr_carea' id='block_1_8' title="bbox 92 3456 1269 4548">
    <p class='ocr_par' dir='ltr' id='par_1_8' title="bbox 92 3456 1269 4273">
     <span class='ocr_line' id='line_1_34' title="bbox 95 3456 1195 3545; baseline 0 -17"><span class='ocrx_word' id='word_1_312' title='bbox 95 3467 141 3528; x_wconf 86' lang='lat' dir='ltr'><strong>dii</strong></span> <span class='ocrx_word' id='word_1_313' title='bbox 153 3462 309 3528; x_wconf 79' lang='lat' dir='ltr'><strong>voluerint,</strong></span> <span class='ocrx_word' id='word_1_314' title='bbox 318 3459 343 3519; x_wconf 89' lang='lat' dir='ltr'><strong>si</strong></span> <span class='ocrx_word' id='word_1_315' title='bbox 353 3460 468 3536; x_wconf 86' lang='lat' dir='ltr'><strong>judiees</strong></span> <span class='ocrx_word' id='word_1_316' title='bbox 481 3460 599 3538; x_wconf 88' lang='lat' dir='ltr'><strong>paribus</strong></span> <span class='ocrx_word' id='word_1_317' title='bbox 611 3456 780 3518; x_wconf 78' lang='lat' dir='ltr'><strong>nosaninris</strong></span> <span class='ocrx_word' id='word_1_318' title='bbox 789 3459 943 3532; x_wconf 73' lang='lat' dir='ltr'><strong>audierint,</strong></span> <span class='ocrx_word' id='word_1_319' title='bbox 953 3462 977 3520; x_wconf 93' lang='lat' dir='ltr'><strong>si</strong></span> <span class='ocrx_word' id='word_1_320' title='bbox 989 3461 1107 3522; x_wconf 87' lang='lat' dir='ltr'><strong>demum</strong></span> <span class='ocrx_word' id='word_1_321' title='bbox 1122 3467 1195 3545; x_wconf 88' lang='lat' dir='ltr'><strong>ipse,</strong></span> 
     </span>
     <span class='ocr_line' id='line_1_35' title="bbox 94 3551 1195 3641; baseline 0.008 -31"><span class='ocrx_word' id='word_1_322' title='bbox 94 3578 167 3641; x_wconf 68' lang='lat' dir='ltr'><strong>qum</strong></span> <span class='ocrx_word' id='word_1_323' title='bbox 179 3566 209 3616; x_wconf 84' lang='lat' dir='ltr'><strong>te</strong></span> <span class='ocrx_word' id='word_1_324' title='bbox 223 3551 378 3612; x_wconf 71' lang='lat' dir='ltr'><strong>admisisse</strong></span> <span class='ocrx_word' id='word_1_325' title='bbox 392 3551 464 3622; x_wconf 89' lang='lat' dir='ltr'><strong>scio,</strong></span> <span class='ocrx_word' id='word_1_326' title='bbox 477 3551 617 3610; x_wconf 86' lang='lat' dir='ltr'><strong>memoria</strong></span> <span class='ocrx_word' id='word_1_327' title='bbox 628 3551 768 3629; x_wconf 85' lang='lat' dir='ltr'><strong>consequi</strong></span> <span class='ocrx_word' id='word_1_328' title='bbox 782 3561 915 3630; x_wconf 89' lang='lat' dir='ltr'><strong>potuero,</strong></span> <span class='ocrx_word' id='word_1_329' title='bbox 927 3552 1045 3611; x_wconf 88' lang='lat' dir='ltr'><strong>omnino</strong></span> <span class='ocrx_word' id='word_1_330' title='bbox 1058 3574 1105 3614; x_wconf 88' lang='lat' dir='ltr'><strong>me</strong></span> <span class='ocrx_word' id='word_1_331' title='bbox 1114 3557 1195 3635; x_wconf 90' lang='lat' dir='ltr'><strong>judl-</strong></span> 
     </span>
     <span class='ocr_line' id='line_1_36' title="bbox 94 3641 1197 3722; baseline -0.003 -12"><span class='ocrx_word' id='word_1_332' title='bbox 94 3654 182 3715; x_wconf 83' lang='lat' dir='ltr'><strong>eibus</strong></span> <span class='ocrx_word' id='word_1_333' title='bbox 193 3657 381 3708; x_wconf 79' lang='lat' dir='ltr'><strong>ostensurum</strong></span> <span class='ocrx_word' id='word_1_334' title='bbox 390 3642 519 3714; x_wconf 81' lang='lat' dir='ltr'><strong>confido,</strong></span> <span class='ocrx_word' id='word_1_335' title='bbox 533 3642 658 3703; x_wconf 86' lang='lat' dir='ltr'><strong>salntem</strong></span> <span class='ocrx_word' id='word_1_336' title='bbox 669 3642 780 3702; x_wconf 80' lang='lat' dir='ltr'><strong>civitati</strong></span> <span class='ocrx_word' id='word_1_337' title='bbox 795 3644 867 3701; x_wconf 91' lang='lat' dir='ltr'><strong>deos</strong></span> <span class='ocrx_word' id='word_1_338' title='bbox 878 3641 1000 3720; x_wconf 86' lang='lat' dir='ltr'><strong>primum</strong></span> <span class='ocrx_word' id='word_1_339' title='bbox 1014 3643 1197 3722; x_wconf 67' lang='lat' dir='ltr'><strong>immortales</strong></span> 
     </span>
     <span class='ocr_line' id='line_1_37' title="bbox 92 3733 1195 3822; baseline 0 -17"><span class='ocrx_word' id='word_1_340' title='bbox 92 3741 242 3811; x_wconf 72' lang='lat' dir='ltr'><strong>ermilinae,</strong></span> <span class='ocrx_word' id='word_1_341' title='bbox 259 3737 368 3798; x_wconf 87' lang='lat' dir='ltr'><strong>deinde</strong></span> <span class='ocrx_word' id='word_1_342' title='bbox 382 3755 433 3796; x_wconf 89' lang='lat' dir='ltr'><strong>eos</strong></span> <span class='ocrx_word' id='word_1_343' title='bbox 455 3736 505 3814; x_wconf 88' lang='lat' dir='ltr'><strong>qui</strong></span> <span class='ocrx_word' id='word_1_344' title='bbox 523 3736 635 3813; x_wconf 89' lang='lat' dir='ltr'><strong>reipub.</strong></span> <span class='ocrx_word' id='word_1_345' title='bbox 658 3735 778 3812; x_wconf 79' lang='lat' dir='ltr'><strong>negotia</strong></span> <span class='ocrx_word' id='word_1_346' title='bbox 799 3733 958 3812; x_wconf 77' lang='lat' dir='ltr'><strong>prudenter</strong></span> <span class='ocrx_word' id='word_1_347' title='bbox 972 3735 1195 3822; x_wconf 87' lang='lat' dir='ltr'><strong>humaniterque</strong></span> 
     </span>
     <span class='ocr_line' id='line_1_38' title="bbox 93 3826 1197 3918; baseline 0.005 -27"><span class='ocrx_word' id='word_1_348' title='bbox 93 3840 260 3918; x_wconf 70' lang='lat' dir='ltr'><strong>gesserunt,</strong></span> <span class='ocrx_word' id='word_1_349' title='bbox 269 3829 469 3890; x_wconf 83' lang='lat' dir='ltr'><strong>calamitatum</strong></span> <span class='ocrx_word' id='word_1_350' title='bbox 482 3845 554 3886; x_wconf 82' lang='lat' dir='ltr'><strong>vero</strong></span> <span class='ocrx_word' id='word_1_351' title='bbox 566 3826 696 3885; x_wconf 89' lang='lat' dir='ltr'><strong>omnium</strong></span> <span class='ocrx_word' id='word_1_352' title='bbox 704 3842 795 3886; x_wconf 83' lang='lat' dir='ltr'><strong>unum</strong></span> <span class='ocrx_word' id='word_1_353' title='bbox 806 3827 1032 3888; x_wconf 80' lang='lat' dir='ltr'><strong>Demosthenem</strong></span> <span class='ocrx_word' id='word_1_354' title='bbox 1047 3827 1197 3898; x_wconf 79' lang='lat' dir='ltr'><strong>auctorem</strong></span> 
     </span>
     <span class='ocr_line' id='line_1_39' title="bbox 93 3917 1269 4006; baseline 0.005 -21"><span class='ocrx_word' id='word_1_355' title='bbox 93 3925 257 4001; x_wconf 74' lang='lat' dir='ltr'><strong>exstitisse.</strong></span> <span class='ocrx_word' id='word_1_356' title='bbox 292 3921 334 3979; x_wconf 85' lang='lat' dir='ltr'><strong>Et</strong></span> <span class='ocrx_word' id='word_1_357' title='bbox 361 3919 440 3978; x_wconf 85' lang='lat' dir='ltr'><strong>hune</strong></span> <span class='ocrx_word' id='word_1_358' title='bbox 459 3918 579 3997; x_wconf 88' lang='lat' dir='ltr'><strong>quidem</strong></span> <span class='ocrx_word' id='word_1_359' title='bbox 598 3918 738 3979; x_wconf 85' lang='lat' dir='ltr'><strong>orationis</strong></span> <span class='ocrx_word' id='word_1_360' title='bbox 759 3917 890 3977; x_wconf 89' lang='lat' dir='ltr'><strong>ordinem</strong></span> <span class='ocrx_word' id='word_1_361' title='bbox 910 3925 1046 4000; x_wconf 87' lang='lat' dir='ltr'><strong>persequi</strong></span> <span class='ocrx_word' id='word_1_362' title='bbox 1064 3925 1194 4006; x_wconf 81' lang='lat' dir='ltr'><strong>instituo,</strong></span> <span class='ocrx_word' id='word_1_363' title='bbox 1263 3965 1269 3980; x_wconf 60' lang='grc' dir='ltr'>ι</span> 
     </span>
     <span class='ocr_line' id='line_1_40' title="bbox 96 4009 1192 4100; baseline 0.009 -27"><span class='ocrx_word' id='word_1_364' title='bbox 96 4032 239 4100; x_wconf 75' lang='lat' dir='ltr'><strong>quaeum</strong></span> <span class='ocrx_word' id='word_1_365' title='bbox 254 4031 374 4071; x_wconf 81' lang='lat' dir='ltr'><strong>usurum</strong></span> <span class='ocrx_word' id='word_1_366' title='bbox 387 4029 455 4070; x_wconf 86' lang='lat' dir='ltr'><strong>esse</strong></span> <span class='ocrx_word' id='word_1_367' title='bbox 467 4012 583 4090; x_wconf 87' lang='lat' dir='ltr'><strong>accepi,</strong></span> <span class='ocrx_word' id='word_1_368' title='bbox 598 4011 753 4089; x_wconf 66' lang='lat' dir='ltr'><strong>diemde</strong></span> <span class='ocrx_word' id='word_1_369' title='bbox 765 4009 891 4088; x_wconf 81' lang='lat' dir='ltr'><strong>primum</strong></span> <span class='ocrx_word' id='word_1_370' title='bbox 904 4011 942 4072; x_wconf 93' lang='lat' dir='ltr'><strong>de</strong></span> <span class='ocrx_word' id='word_1_371' title='bbox 949 4013 1192 4099; x_wconf 89' lang='lat' dir='ltr'><strong>primotempore,</strong></span> 
     </span>
     <span class='ocr_line' id='line_1_41' title="bbox 93 4102 1193 4188; baseline -0.001 -15"><span class='ocrx_word' id='word_1_372' title='bbox 93 4108 205 4173; x_wconf 91' lang='lat' dir='ltr'><strong>deinde</strong></span> <span class='ocrx_word' id='word_1_373' title='bbox 217 4105 257 4171; x_wconf 81' lang='lat' dir='ltr'><strong>ds</strong></span> <span class='ocrx_word' id='word_1_374' title='bbox 270 4103 411 4177; x_wconf 83' lang='lat' dir='ltr'><strong>secundo,</strong></span> <span class='ocrx_word' id='word_1_375' title='bbox 421 4113 482 4162; x_wconf 89' lang='lat' dir='ltr'><strong>turn</strong></span> <span class='ocrx_word' id='word_1_376' title='bbox 492 4104 531 4163; x_wconf 87' lang='lat' dir='ltr'><strong>ds</strong></span> <span class='ocrx_word' id='word_1_377' title='bbox 544 4122 581 4162; x_wconf 88' lang='lat' dir='ltr'><strong>eo</strong></span> <span class='ocrx_word' id='word_1_378' title='bbox 593 4103 673 4182; x_wconf 87' lang='lat' dir='ltr'><strong>quod</strong></span> <span class='ocrx_word' id='word_1_379' title='bbox 685 4102 787 4162; x_wconf 90' lang='lat' dir='ltr'><strong>ordine</strong></span> <span class='ocrx_word' id='word_1_380' title='bbox 800 4103 963 4181; x_wconf 80' lang='lat' dir='ltr'><strong>proximum</strong></span> <span class='ocrx_word' id='word_1_381' title='bbox 975 4116 1030 4180; x_wconf 82' lang='lat' dir='ltr'><strong>est,</strong></span> <span class='ocrx_word' id='word_1_382' title='bbox 1043 4121 1193 4188; x_wconf 81' lang='lat' dir='ltr'><strong>postremo</strong></span> 
     </span>
     <span class='ocr_line' id='line_1_42' title="bbox 93 4196 780 4273; baseline -0.01 -13"><span class='ocrx_word' id='word_1_383' title='bbox 93 4205 137 4264; x_wconf 84' lang='lat' dir='ltr'><strong>do</strong></span> <span class='ocrx_word' id='word_1_384' title='bbox 148 4201 209 4266; x_wconf 83' lang='lat' dir='ltr'><strong>lrcc</strong></span> <span class='ocrx_word' id='word_1_385' title='bbox 218 4203 401 4258; x_wconf 75' lang='lat' dir='ltr'><strong>temnamus</strong></span> <span class='ocrx_word' id='word_1_386' title='bbox 414 4196 445 4254; x_wconf 90' lang='lat' dir='ltr'><strong>iu</strong></span> <span class='ocrx_word' id='word_1_387' title='bbox 459 4213 519 4273; x_wconf 92' lang='lat' dir='ltr'><strong>quo</strong></span> <span class='ocrx_word' id='word_1_388' title='bbox 531 4214 609 4255; x_wconf 90' lang='lat' dir='ltr'><strong>nunc</strong></span> <span class='ocrx_word' id='word_1_389' title='bbox 622 4211 780 4256; x_wconf 82' lang='lat' dir='ltr'><strong>versamur.</strong></span> 
     </span>
    </p>

    <p class='ocr_par' dir='ltr' id='par_1_9' title="bbox 93 4283 1196 4548">
     <span class='ocr_line' id='line_1_43' title="bbox 106 4283 1192 4368; baseline 0.009 -19"><span class='ocrx_word' id='word_1_390' title='bbox 106 4322 110 4329; x_wconf 93' lang='lat'><strong>·</strong></span> <span class='ocrx_word' id='word_1_391' title='bbox 137 4296 189 4352; x_wconf 74' lang='lat'><strong>22.</strong></span> <span class='ocrx_word' id='word_1_392' title='bbox 210 4291 258 4350; x_wconf 80' lang='lat' dir='ltr'><strong>Ad</strong></span> <span class='ocrx_word' id='word_1_393' title='bbox 271 4307 337 4348; x_wconf 85' lang='lat' dir='ltr'><strong>eam</strong></span> <span class='ocrx_word' id='word_1_394' title='bbox 349 4283 440 4367; x_wconf 76' lang='lat' dir='ltr'><strong>igitar</strong></span> <span class='ocrx_word' id='word_1_395' title='bbox 451 4305 499 4348; x_wconf 84' lang='lat' dir='ltr'><strong>me</strong></span> <span class='ocrx_word' id='word_1_396' title='bbox 512 4307 615 4367; x_wconf 86' lang='lat' dir='ltr'><strong>paoem</strong></span> <span class='ocrx_word' id='word_1_397' title='bbox 628 4288 733 4358; x_wconf 80' lang='lat' dir='ltr'><strong>refero,</strong></span> <span class='ocrx_word' id='word_1_398' title='bbox 744 4305 835 4365; x_wconf 80' lang='lat' dir='ltr'><strong>quam</strong></span> <span class='ocrx_word' id='word_1_399' title='bbox 849 4298 881 4347; x_wconf 86' lang='lat' dir='ltr'><strong>tu</strong></span> <span class='ocrx_word' id='word_1_400' title='bbox 896 4299 926 4349; x_wconf 86' lang='lat' dir='ltr'><strong>et</strong></span> <span class='ocrx_word' id='word_1_401' title='bbox 939 4289 1121 4358; x_wconf 81' lang='lat' dir='ltr'><strong>Philocrates</strong></span> <span class='ocrx_word' id='word_1_402' title='bbox 1139 4302 1192 4368; x_wconf 84' lang='lat' dir='ltr'><strong>de-</strong></span> 
     </span>
     <span class='ocr_line' id='line_1_44' title="bbox 93 4370 1189 4469; baseline 0.009 -33"><span class='ocrx_word' id='word_1_403' title='bbox 93 4384 237 4452; x_wconf 57' lang='lat' dir='ltr'><strong>moraris.</strong></span> <span class='ocrx_word' id='word_1_404' title='bbox 261 4381 356 4445; x_wconf 81' lang='lat' dir='ltr'><strong>Vobis</strong></span> <span class='ocrx_word' id='word_1_405' title='bbox 374 4381 452 4441; x_wconf 86' lang='lat' dir='ltr'><strong>enim</strong></span> <span class='ocrx_word' id='word_1_406' title='bbox 473 4380 615 4454; x_wconf 87' lang='lat' dir='ltr'><strong>licuisset,</strong></span> <span class='ocrx_word' id='word_1_407' title='bbox 629 4370 833 4454; x_wconf 77' lang='lat' dir='ltr'><strong>Athenienses,</strong></span> <span class='ocrx_word' id='word_1_408' title='bbox 846 4382 970 4460; x_wconf 84' lang='lat' dir='ltr'><strong>priorem</strong></span> <span class='ocrx_word' id='word_1_409' title='bbox 986 4383 1065 4460; x_wconf 80' lang='lat' dir='ltr'><strong>illam</strong></span> <span class='ocrx_word' id='word_1_410' title='bbox 1086 4409 1189 4469; x_wconf 67' lang='lat' dir='ltr'><strong>pacem</strong></span> 
     </span>
     <span class='ocr_line' id='line_1_45' title="bbox 95 4465 1196 4548; baseline 0.004 -8"><span class='ocrx_word' id='word_1_411' title='bbox 95 4491 159 4542; x_wconf 76' lang='lat' dir='ltr'><strong>naa</strong></span> <span class='ocrx_word' id='word_1_412' title='bbox 171 4495 240 4538; x_wconf 81' lang='lat' dir='ltr'><strong>euru</strong></span> <span class='ocrx_word' id='word_1_413' title='bbox 250 4474 405 4536; x_wconf 74' lang='lat' dir='ltr'><strong>‘communi</strong></span> <span class='ocrx_word' id='word_1_414' title='bbox 419 4471 592 4536; x_wconf 71' lang='lat' dir='ltr'><strong>Graeooium</strong></span> <span class='ocrx_word' id='word_1_415' title='bbox 604 4472 730 4534; x_wconf 82' lang='lat' dir='ltr'><strong>coneilio</strong></span> <span class='ocrx_word' id='word_1_416' title='bbox 743 4473 850 4548; x_wconf 80' lang='lat' dir='ltr'><strong>faeere,</strong></span> <span class='ocrx_word' id='word_1_417' title='bbox 863 4474 886 4535; x_wconf 86' lang='lat' dir='ltr'><strong>si</strong></span> <span class='ocrx_word' id='word_1_418' title='bbox 902 4476 973 4537; x_wconf 84' lang='lat' dir='ltr'><strong>certi</strong></span> <span class='ocrx_word' id='word_1_419' title='bbox 990 4465 1123 4544; x_wconf 84' lang='lat' dir='ltr'><strong>homines</strong></span> <span class='ocrx_word' id='word_1_420' title='bbox 1136 4495 1196 4546; x_wconf 81' lang='lat' dir='ltr'><strong>vas·</strong></span> 
     </span>
    </p>
   </div>
   <div class='ocr_carea' id='block_1_9' title="bbox 616 4576 688 4636">
    <p class='ocr_par' dir='ltr' id='par_1_10' title="bbox 616 4576 688 4636">
     <span class='ocr_line' id='line_1_46' title="bbox 616 4576 688 4636; baseline 0 -29"><span class='ocrx_word' id='word_1_421' title='bbox 616 4576 688 4636; x_wconf 59' lang='lat' dir='ltr'><strong>*w</strong></span> 
     </span>
    </p>
   </div>
   <div class='ocr_carea' id='block_1_10' title="bbox 0 0 1488 5017">
    <p class='ocr_par' dir='ltr' id='par_1_11' title="bbox 0 0 1488 5017">
     <span class='ocr_line' id='line_1_47' title="bbox 0 0 1488 5017; baseline 0 2"><span class='ocrx_word' id='word_1_422' title='bbox 0 0 1488 5017; x_wconf 95' lang='lat' dir='ltr'><strong> </strong></span> 
     </span>
    </p>
   </div>
  </div>
 </body>
</html>
