<?xml version="1.0" encoding="UTF-8"?>
<!DOCTYPE html PUBLIC "-//W3C//DTD XHTML 1.0 Transitional//EN"
    "http://www.w3.org/TR/xhtml1/DTD/xhtml1-transitional.dtd">
<html xmlns="http://www.w3.org/1999/xhtml" xml:lang="en" lang="en">
 <head>
  <title>
</title>
<meta http-equiv="Content-Type" content="text/html;charset=utf-8" />
  <meta name='ocr-system' content='tesseract 3.04.00' />
  <meta name='ocr-capabilities' content='ocr_page ocr_carea ocr_par ocr_line ocrx_word'/>
</head>
<body>
  <div class='ocr_page' id='page_1' title='image "./oratoresatticie00dupogoog_0134.png"; bbox 0 0 2967 5017; ppageno 0'>
   <div class='ocr_carea' id='block_1_1' title="bbox 240 335 1079 400">
    <p class='ocr_par' dir='ltr' id='par_1_1' title="bbox 240 335 1079 400">
     <span class='ocr_line' id='line_1_1' title="bbox 240 335 1079 400; baseline 0 -2"><span class='ocrx_word' id='word_1_1' title='bbox 240 337 302 398; x_wconf 71' lang='grc'>640</span> <span class='ocrx_word' id='word_1_2' title='bbox 600 335 645 396; x_wconf 82' lang='grc' dir='ltr'>ΙΝ</span> <span class='ocrx_word' id='word_1_3' title='bbox 667 335 926 400; x_wconf 77' lang='lat' dir='ltr'>STEPHANUM</span> <span class='ocrx_word' id='word_1_4' title='bbox 949 339 973 398; x_wconf 90' lang='lat' dir='ltr'>l.</span> <span class='ocrx_word' id='word_1_5' title='bbox 1073 339 1079 359; x_wconf 75' lang='lat'>⁸</span> 
     </span>
    </p>
   </div>
   <div class='ocr_carea' id='block_1_2' title="bbox 230 491 1336 2240">
    <p class='ocr_par' dir='ltr' id='par_1_2' title="bbox 238 491 1336 1018">
     <span class='ocr_line' id='line_1_2' title="bbox 238 491 1335 573; baseline 0.005 -21"><span class='ocrx_word' id='word_1_6' title='bbox 238 491 551 566; x_wconf 64' lang='lat' dir='ltr'>continuandum</span> <span class='ocrx_word' id='word_1_7' title='bbox 570 501 601 552; x_wconf 85' lang='lat' dir='ltr'>et</span> <span class='ocrx_word' id='word_1_8' title='bbox 621 493 774 573; x_wconf 69' lang='lat' dir='ltr'>praefuisse</span> <span class='ocrx_word' id='word_1_9' title='bbox 795 509 918 556; x_wconf 75' lang='lat' dir='ltr'>menum.</span> <span class='ocrx_word' id='word_1_10' title='bbox 958 493 1057 563; x_wconf 74' lang='lat' dir='ltr'>Qusse</span> <span class='ocrx_word' id='word_1_11' title='bbox 1077 493 1110 557; x_wconf 89' lang='lat' dir='ltr'>iu</span> <span class='ocrx_word' id='word_1_12' title='bbox 1128 491 1335 573; x_wconf 56' lang='lat' dir='ltr'>mesu</span> 
     </span>
     <span class='ocr_line' id='line_1_3' title="bbox 239 585 1336 667; baseline 0.002 -21"><span class='ocrx_word' id='word_1_13' title='bbox 239 585 349 646; x_wconf 89' lang='lat' dir='ltr'>molere</span> <span class='ocrx_word' id='word_1_14' title='bbox 363 586 459 666; x_wconf 89' lang='lat' dir='ltr'>potius</span> <span class='ocrx_word' id='word_1_15' title='bbox 474 585 582 659; x_wconf 90' lang='lat' dir='ltr'>decuit,</span> <span class='ocrx_word' id='word_1_16' title='bbox 594 605 684 665; x_wconf 86' lang='lat' dir='ltr'>quem</span> <span class='ocrx_word' id='word_1_17' title='bbox 697 586 815 666; x_wconf 88' lang='lat' dir='ltr'>reliquis</span> <span class='ocrx_word' id='word_1_18' title='bbox 826 587 925 667; x_wconf 91' lang='lat' dir='ltr'>potiri.</span> <span class='ocrx_word' id='word_1_19' title='bbox 955 586 1016 647; x_wconf 87' lang='lat' dir='ltr'>Sed</span> <span class='ocrx_word' id='word_1_20' title='bbox 1028 585 1132 646; x_wconf 88' lang='lat' dir='ltr'>omitto</span> <span class='ocrx_word' id='word_1_21' title='bbox 1144 585 1219 658; x_wconf 76' lang='lat' dir='ltr'>hec,</span> <span class='ocrx_word' id='word_1_22' title='bbox 1232 595 1264 648; x_wconf 85' lang='lat' dir='ltr'>et</span> <span class='ocrx_word' id='word_1_23' title='bbox 1275 586 1336 652; x_wconf 70' lang='lat' dir='ltr'>ulls</span> 
     </span>
     <span class='ocr_line' id='line_1_4' title="bbox 238 676 1335 760; baseline 0.003 -23"><span class='ocrx_word' id='word_1_24' title='bbox 238 697 307 758; x_wconf 84' lang='lat' dir='ltr'>quse</span> <span class='ocrx_word' id='word_1_25' title='bbox 319 678 358 737; x_wconf 93' lang='lat' dir='ltr'>de</span> <span class='ocrx_word' id='word_1_26' title='bbox 371 677 505 738; x_wconf 86' lang='lat' dir='ltr'><strong>undecim</strong></span> <span class='ocrx_word' id='word_1_27' title='bbox 517 679 632 738; x_wconf 76' lang='lat' dir='ltr'>telonus</span> <span class='ocrx_word' id='word_1_28' title='bbox 646 679 742 742; x_wconf 85' lang='lat' dir='ltr'>dicere</span> <span class='ocrx_word' id='word_1_29' title='bbox 757 699 883 758; x_wconf 88' lang='lat' dir='ltr'>possem,</span> <span class='ocrx_word' id='word_1_30' title='bbox 894 676 1208 760; x_wconf 71' lang='lat' dir='ltr'>nudecognosceretur</span> <span class='ocrx_word' id='word_1_31' title='bbox 1218 689 1335 758; x_wconf 76' lang='lat' dir='ltr'>petrem</span> 
     </span>
     <span class='ocr_line' id='line_1_5' title="bbox 238 769 1336 852; baseline 0.001 -21"><span class='ocrx_word' id='word_1_32' title='bbox 238 789 275 831; x_wconf 84' lang='lat' dir='ltr'>es</span> <span class='ocrx_word' id='word_1_33' title='bbox 294 790 355 831; x_wconf 88' lang='lat' dir='ltr'>non</span> <span class='ocrx_word' id='word_1_34' title='bbox 377 771 525 843; x_wconf 80' lang='lat' dir='ltr'>debuisse,</span> <span class='ocrx_word' id='word_1_35' title='bbox 538 770 592 830; x_wconf 89' lang='lat' dir='ltr'>sed</span> <span class='ocrx_word' id='word_1_36' title='bbox 610 771 698 831; x_wconf 87' lang='lat' dir='ltr'>istum</span> <span class='ocrx_word' id='word_1_37' title='bbox 716 771 896 852; x_wconf 73' lang='lat' dir='ltr'>surripuisse.</span> <span class='ocrx_word' id='word_1_38' title='bbox 939 772 997 832; x_wconf 89' lang='lat' dir='ltr'>Sed</span> <span class='ocrx_word' id='word_1_39' title='bbox 1021 791 1080 851; x_wconf 82' lang='lat' dir='ltr'>que</span> <span class='ocrx_word' id='word_1_40' title='bbox 1097 769 1192 850; x_wconf 80' lang='lat' dir='ltr'>gratis</span> <span class='ocrx_word' id='word_1_41' title='bbox 1210 770 1281 852; x_wconf 88' lang='lat' dir='ltr'>legi,</span> <span class='ocrx_word' id='word_1_42' title='bbox 1301 783 1336 832; x_wconf 93' lang='lat' dir='ltr'>ut</span> 
     </span>
     <span class='ocr_line' id='line_1_6' title="bbox 238 863 1333 944; baseline 0.001 -21"><span class='ocrx_word' id='word_1_43' title='bbox 238 863 422 924; x_wconf 79' lang='lat' dir='ltr'>ostenderem</span> <span class='ocrx_word' id='word_1_44' title='bbox 447 871 657 924; x_wconf 76' lang='lat' dir='ltr'>testamentum</span> <span class='ocrx_word' id='word_1_45' title='bbox 685 883 752 924; x_wconf 89' lang='lat' dir='ltr'>esse</span> <span class='ocrx_word' id='word_1_46' title='bbox 775 864 892 938; x_wconf 75' lang='lat' dir='ltr'>fulsum,</span> <span class='ocrx_word' id='word_1_47' title='bbox 910 864 944 924; x_wconf 89' lang='lat' dir='ltr'>id</span> <span class='ocrx_word' id='word_1_48' title='bbox 960 863 1043 924; x_wconf 84' lang='lat' dir='ltr'>robis</span> <span class='ocrx_word' id='word_1_49' title='bbox 1063 864 1195 944; x_wconf 84' lang='lat' dir='ltr'>redigens</span> <span class='ocrx_word' id='word_1_50' title='bbox 1216 863 1248 923; x_wconf 92' lang='lat' dir='ltr'>in</span> <span class='ocrx_word' id='word_1_51' title='bbox 1270 880 1333 924; x_wconf 90' lang='lat' dir='ltr'>me·</span> 
     </span>
     <span class='ocr_line' id='line_1_7' title="bbox 238 971 372 1018; baseline 0.015 -2"><span class='ocrx_word' id='word_1_52' title='bbox 238 971 372 1018; x_wconf 82' lang='lat' dir='ltr'>morsum.</span> 
     </span>
    </p>

    <p class='ocr_par' dir='ltr' id='par_1_3' title="bbox 230 1045 1335 2240">
     <span class='ocr_line' id='line_1_8' title="bbox 281 1045 1332 1130; baseline 0 -22"><span class='ocrx_word' id='word_1_53' title='bbox 281 1051 328 1109; x_wconf 90' lang='lat'>10.</span> <span class='ocrx_word' id='word_1_54' title='bbox 351 1047 499 1130; x_wconf 85' lang='lat' dir='ltr'>Scriptum</span> <span class='ocrx_word' id='word_1_55' title='bbox 522 1059 568 1109; x_wconf 88' lang='lat' dir='ltr'>est</span> <span class='ocrx_word' id='word_1_56' title='bbox 592 1047 709 1123; x_wconf 84' lang='lat' dir='ltr'>ibidem,</span> <span class='ocrx_word' id='word_1_57' title='bbox 736 1068 814 1110; x_wconf 91' lang='lat' dir='ltr'>non</span> <span class='ocrx_word' id='word_1_58' title='bbox 839 1049 972 1111; x_wconf 89' lang='lat' dir='ltr'>licere</span> <span class='ocrx_word' id='word_1_59' title='bbox 1002 1045 1242 1109; x_wconf 84' lang='lat' dir='ltr'>Phormioni</span> <span class='ocrx_word' id='word_1_60' title='bbox 1278 1069 1332 1109; x_wconf 83' lang='lat' dir='ltr'>er·</span> 
     </span>
     <span class='ocr_line' id='line_1_9' title="bbox 237 1140 1333 1222; baseline 0 -20"><span class='ocrx_word' id='word_1_61' title='bbox 237 1142 458 1222; x_wconf 84' lang='lat' dir='ltr'>genterium</span> <span class='ocrx_word' id='word_1_62' title='bbox 480 1143 626 1212; x_wconf 81' lang='lat' dir='ltr'>iecere,</span> <span class='ocrx_word' id='word_1_63' title='bbox 650 1141 730 1201; x_wconf 91' lang='lat' dir='ltr'>nisi</span> <span class='ocrx_word' id='word_1_64' title='bbox 754 1140 793 1201; x_wconf 93' lang='lat' dir='ltr'>id</span> <span class='ocrx_word' id='word_1_65' title='bbox 820 1161 839 1202; x_wconf 83' lang='lat' dir='ltr'>s</span> <span class='ocrx_word' id='word_1_66' title='bbox 865 1142 982 1203; x_wconf 91' lang='lat' dir='ltr'>uobis</span> <span class='ocrx_word' id='word_1_67' title='bbox 1008 1140 1236 1220; x_wconf 80' lang='lat' dir='ltr'>impetrsrit</span> <span class='ocrx_word' id='word_1_68' title='bbox 1265 1140 1333 1202; x_wconf 83' lang='lat' dir='ltr'>lloc</span> 
     </span>
     <span class='ocr_line' id='line_1_10' title="bbox 235 1231 1332 1316; baseline 0.005 -23"><span class='ocrx_word' id='word_1_69' title='bbox 235 1235 324 1316; x_wconf 88' lang='lat' dir='ltr'>igitur</span> <span class='ocrx_word' id='word_1_70' title='bbox 344 1231 484 1314; x_wconf 86' lang='lat' dir='ltr'>scriptum</span> <span class='ocrx_word' id='word_1_71' title='bbox 504 1233 617 1294; x_wconf 82' lang='lat' dir='ltr'>indicet</span> <span class='ocrx_word' id='word_1_72' title='bbox 639 1243 845 1294; x_wconf 80' lang='lat' dir='ltr'>testamentum</span> <span class='ocrx_word' id='word_1_73' title='bbox 868 1235 986 1316; x_wconf 89' lang='lat' dir='ltr'>penitus</span> <span class='ocrx_word' id='word_1_74' title='bbox 1010 1254 1077 1295; x_wconf 87' lang='lat' dir='ltr'>esse</span> <span class='ocrx_word' id='word_1_75' title='bbox 1100 1234 1215 1294; x_wconf 82' lang='lat' dir='ltr'>fulsum.</span> <span class='ocrx_word' id='word_1_76' title='bbox 1256 1237 1332 1306; x_wconf 89' lang='lat' dir='ltr'>Quis</span> 
     </span>
     <span class='ocr_line' id='line_1_11' title="bbox 235 1325 1334 1408; baseline 0.005 -22"><span class='ocrx_word' id='word_1_77' title='bbox 235 1326 311 1387; x_wconf 89' lang='lat' dir='ltr'>enim</span> <span class='ocrx_word' id='word_1_78' title='bbox 324 1325 499 1400; x_wconf 77' lang='lat' dir='ltr'>mortalium,</span> <span class='ocrx_word' id='word_1_79' title='bbox 514 1347 581 1406; x_wconf 81' lang='lat' dir='ltr'>qum</span> <span class='ocrx_word' id='word_1_80' title='bbox 595 1327 802 1388; x_wconf 84' lang='lat' dir='ltr'>iste&#39;lacieudo</span> <span class='ocrx_word' id='word_1_81' title='bbox 814 1328 1010 1408; x_wconf 79' lang='lat' dir='ltr'>argentariam</span> <span class='ocrx_word' id='word_1_82' title='bbox 1025 1327 1195 1408; x_wconf 81' lang='lat' dir='ltr'>quaesiturus</span> <span class='ocrx_word' id='word_1_83' title='bbox 1209 1338 1280 1401; x_wconf 87' lang='lat' dir='ltr'>eret,</span> <span class='ocrx_word' id='word_1_84' title='bbox 1294 1351 1334 1391; x_wconf 82' lang='lat' dir='ltr'>eu</span> 
     </span>
     <span class='ocr_line' id='line_1_12' title="bbox 235 1419 1333 1500; baseline 0.002 -20"><span class='ocrx_word' id='word_1_85' title='bbox 235 1429 269 1480; x_wconf 89' lang='lat' dir='ltr'>ut</span> <span class='ocrx_word' id='word_1_86' title='bbox 289 1419 374 1494; x_wconf 85' lang='lat' dir='ltr'>uobis</span> <span class='ocrx_word' id='word_1_87' title='bbox 394 1419 471 1491; x_wconf 76' lang='lat' dir='ltr'>filiis,</span> <span class='ocrx_word' id='word_1_88' title='bbox 488 1439 547 1481; x_wconf 92' lang='lat' dir='ltr'>uon</span> <span class='ocrx_word' id='word_1_89' title='bbox 570 1419 627 1490; x_wconf 88' lang='lat' dir='ltr'>isti,</span> <span class='ocrx_word' id='word_1_90' title='bbox 641 1419 846 1491; x_wconf 81' lang='lat' dir='ltr'>tribuerentur,</span> <span class='ocrx_word' id='word_1_91' title='bbox 860 1421 1009 1482; x_wconf 75' lang='lat' dir='ltr'>cavisset?</span> <span class='ocrx_word' id='word_1_92' title='bbox 1037 1420 1251 1500; x_wconf 85' lang='lat' dir='ltr'>Proptereeque</span> <span class='ocrx_word' id='word_1_93' title='bbox 1271 1443 1333 1484; x_wconf 90' lang='lat' dir='ltr'>nou</span> 
     </span>
     <span class='ocr_line' id='line_1_13' title="bbox 234 1509 1331 1592; baseline 0.003 -19"><span class='ocrx_word' id='word_1_94' title='bbox 234 1511 322 1573; x_wconf 91' lang='lat' dir='ltr'>licere</span> <span class='ocrx_word' id='word_1_95' title='bbox 335 1509 384 1570; x_wconf 88' lang='lat' dir='ltr'>isti</span> <span class='ocrx_word' id='word_1_96' title='bbox 401 1511 498 1571; x_wconf 86' lang='lat' dir='ltr'>ibcere</span> <span class='ocrx_word' id='word_1_97' title='bbox 514 1509 706 1590; x_wconf 81' lang='lat' dir='ltr'>argenteriam</span> <span class='ocrx_word' id='word_1_98' title='bbox 720 1511 899 1592; x_wconf 70' lang='lat' dir='ltr'>scripsisset,</span> <span class='ocrx_word' id='word_1_99' title='bbox 911 1531 949 1572; x_wconf 93' lang='lat' dir='ltr'>ue</span> <span class='ocrx_word' id='word_1_100' title='bbox 968 1531 987 1571; x_wconf 89' lang='lat' dir='ltr'>s</span> <span class='ocrx_word' id='word_1_101' title='bbox 1005 1513 1091 1572; x_wconf 89' lang='lat' dir='ltr'>nobis</span> <span class='ocrx_word' id='word_1_102' title='bbox 1105 1531 1137 1572; x_wconf 89' lang='lat' dir='ltr'>se</span> <span class='ocrx_word' id='word_1_103' title='bbox 1152 1526 1331 1576; x_wconf 81' lang='lat' dir='ltr'>removeret:</span> 
     </span>
     <span class='ocr_line' id='line_1_14' title="bbox 233 1601 1330 1687; baseline 0.002 -23"><span class='ocrx_word' id='word_1_104' title='bbox 233 1625 301 1686; x_wconf 85' lang='lat' dir='ltr'>quse</span> <span class='ocrx_word' id='word_1_105' title='bbox 322 1621 392 1664; x_wconf 87' lang='lat' dir='ltr'>vero</span> <span class='ocrx_word' id='word_1_106' title='bbox 413 1601 476 1684; x_wconf 89' lang='lat' dir='ltr'>lpse</span> <span class='ocrx_word' id='word_1_107' title='bbox 495 1614 578 1685; x_wconf 80' lang='lat' dir='ltr'>perta</span> <span class='ocrx_word' id='word_1_108' title='bbox 595 1603 674 1664; x_wconf 90' lang='lat' dir='ltr'>intus</span> <span class='ocrx_word' id='word_1_109' title='bbox 692 1604 867 1684; x_wconf 84' lang='lat' dir='ltr'>reliquisset,</span> <span class='ocrx_word' id='word_1_110' title='bbox 880 1623 916 1665; x_wconf 90' lang='lat' dir='ltr'>es</span> <span class='ocrx_word' id='word_1_111' title='bbox 927 1615 963 1666; x_wconf 88' lang='lat' dir='ltr'>ut</span> <span class='ocrx_word' id='word_1_112' title='bbox 974 1603 1030 1665; x_wconf 90' lang='lat' dir='ltr'>iste</span> <span class='ocrx_word' id='word_1_113' title='bbox 1043 1615 1173 1687; x_wconf 84' lang='lat' dir='ltr'>cuperet,</span> <span class='ocrx_word' id='word_1_114' title='bbox 1188 1605 1330 1667; x_wconf 78' lang='lat' dir='ltr'>coniecis-</span> 
     </span>
     <span class='ocr_line' id='line_1_15' title="bbox 234 1695 1333 1780; baseline -0.002 -20"><span class='ocrx_word' id='word_1_115' title='bbox 234 1697 303 1760; x_wconf 83' lang='lat' dir='ltr'>setl</span> <span class='ocrx_word' id='word_1_116' title='bbox 331 1695 388 1756; x_wconf 80' lang='lat' dir='ltr'>(tui</span> <span class='ocrx_word' id='word_1_117' title='bbox 401 1706 547 1777; x_wconf 82' lang='lat' dir='ltr'>qnaestum</span> <span class='ocrx_word' id='word_1_118' title='bbox 561 1695 722 1772; x_wconf 82' lang='lat' dir='ltr'>invidisset,</span> <span class='ocrx_word' id='word_1_119' title='bbox 736 1697 775 1758; x_wconf 91' lang='lat' dir='ltr'>de</span> <span class='ocrx_word' id='word_1_120' title='bbox 787 1717 846 1778; x_wconf 88' lang='lat' dir='ltr'>quo</span> <span class='ocrx_word' id='word_1_121' title='bbox 860 1697 970 1778; x_wconf 78' lang='lat' dir='ltr'>aliquid</span> <span class='ocrx_word' id='word_1_122' title='bbox 986 1697 1126 1780; x_wconf 88' lang='lat' dir='ltr'>impertiri</span> <span class='ocrx_word' id='word_1_123' title='bbox 1145 1697 1228 1758; x_wconf 85' lang='lat' dir='ltr'>nulle</span> <span class='ocrx_word' id='word_1_124' title='bbox 1240 1698 1333 1778; x_wconf 89' lang='lat' dir='ltr'>turpi·</span> 
     </span>
     <span class='ocr_line' id='line_1_16' title="bbox 233 1789 1334 1871; baseline -0.001 -20"><span class='ocrx_word' id='word_1_125' title='bbox 233 1790 307 1851; x_wconf 87' lang='lat' dir='ltr'>tudo</span> <span class='ocrx_word' id='word_1_126' title='bbox 320 1791 433 1864; x_wconf 75' lang='lat' dir='ltr'>diisset,</span> <span class='ocrx_word' id='word_1_127' title='bbox 449 1789 475 1850; x_wconf 94' lang='lat' dir='ltr'>ei</span> <span class='ocrx_word' id='word_1_128' title='bbox 488 1809 609 1851; x_wconf 83' lang='lat' dir='ltr'>uxorem</span> <span class='ocrx_word' id='word_1_129' title='bbox 630 1789 770 1866; x_wconf 85' lang='lat' dir='ltr'>dedisset,</span> <span class='ocrx_word' id='word_1_130' title='bbox 790 1809 851 1869; x_wconf 87' lang='lat' dir='ltr'>quo</span> <span class='ocrx_word' id='word_1_131' title='bbox 864 1791 1027 1871; x_wconf 89' lang='lat' dir='ltr'>relinquere</span> <span class='ocrx_word' id='word_1_132' title='bbox 1039 1791 1154 1850; x_wconf 91' lang='lat' dir='ltr'>nullum</span> <span class='ocrx_word' id='word_1_133' title='bbox 1170 1789 1266 1870; x_wconf 83' lang='lat' dir='ltr'>majus</span> <span class='ocrx_word' id='word_1_134' title='bbox 1280 1789 1334 1850; x_wconf 92' lang='lat' dir='ltr'>de-</span> 
     </span>
     <span class='ocr_line' id='line_1_17' title="bbox 233 1872 1335 1964; baseline -0.002 -19"><span class='ocrx_word' id='word_1_135' title='bbox 233 1881 326 1944; x_wconf 82' lang='lat' dir='ltr'>decus</span> <span class='ocrx_word' id='word_1_136' title='bbox 349 1883 501 1962; x_wconf 91' lang='lat' dir='ltr'>potuisset,</span> <span class='ocrx_word' id='word_1_137' title='bbox 514 1895 670 1964; x_wconf 81' lang='lat' dir='ltr'>postquam</span> <span class='ocrx_word' id='word_1_138' title='bbox 682 1891 783 1943; x_wconf 83' lang='lat' dir='ltr'>vestro</span> <span class='ocrx_word' id='word_1_139' title='bbox 806 1872 947 1942; x_wconf 77' lang='lat' dir='ltr'>beneficio</span> <span class='ocrx_word' id='word_1_140' title='bbox 968 1883 1027 1941; x_wconf 87' lang='lat' dir='ltr'>fuit</span> <span class='ocrx_word' id='word_1_141' title='bbox 1046 1881 1188 1941; x_wconf 80' lang='lat' dir='ltr'>ornaturi</span> <span class='ocrx_word' id='word_1_142' title='bbox 1219 1881 1335 1943; x_wconf 82' lang='lat' dir='ltr'>&#39;l&#39;smeu</span> 
     </span>
     <span class='ocr_line' id='line_1_18' title="bbox 232 1972 1335 2056; baseline -0.005 -19"><span class='ocrx_word' id='word_1_143' title='bbox 232 1985 372 2056; x_wconf 80' lang='lat' dir='ltr'>tunquam</span> <span class='ocrx_word' id='word_1_144' title='bbox 394 1995 494 2036; x_wconf 83' lang='lat' dir='ltr'>servus</span> <span class='ocrx_word' id='word_1_145' title='bbox 507 1973 625 2034; x_wconf 91' lang='lat' dir='ltr'>domino</span> <span class='ocrx_word' id='word_1_146' title='bbox 649 1973 741 2043; x_wconf 85' lang='lat' dir='ltr'>deret,</span> <span class='ocrx_word' id='word_1_147' title='bbox 756 1991 816 2033; x_wconf 91' lang='lat' dir='ltr'>non</span> <span class='ocrx_word' id='word_1_148' title='bbox 840 1983 943 2032; x_wconf 83' lang='lat' dir='ltr'>contre</span> <span class='ocrx_word' id='word_1_149' title='bbox 955 1972 1091 2032; x_wconf 86' lang='lat' dir='ltr'>dominus</span> <span class='ocrx_word' id='word_1_150' title='bbox 1112 1989 1205 2043; x_wconf 83' lang='lat' dir='ltr'>servo,</span> <span class='ocrx_word' id='word_1_151' title='bbox 1230 1972 1335 2035; x_wconf 86' lang='lat' dir='ltr'>dotem</span> 
     </span>
     <span class='ocr_line' id='line_1_19' title="bbox 233 2061 1334 2148; baseline -0.005 -18"><span class='ocrx_word' id='word_1_152' title='bbox 233 2067 350 2148; x_wconf 76' lang='lat' dir='ltr'>adjecit,</span> <span class='ocrx_word' id='word_1_153' title='bbox 361 2075 501 2146; x_wconf 61' lang='lat' dir='ltr'>muntem</span> <span class='ocrx_word' id='word_1_154' title='bbox 516 2065 545 2124; x_wconf 91' lang='lat' dir='ltr'>in</span> <span class='ocrx_word' id='word_1_155' title='bbox 558 2066 631 2124; x_wconf 90' lang='lat' dir='ltr'>urbe</span> <span class='ocrx_word' id='word_1_156' title='bbox 644 2065 791 2125; x_wconf 87' lang='lat' dir='ltr'>neminem</span> <span class='ocrx_word' id='word_1_157' title='bbox 802 2062 920 2125; x_wconf 86' lang='lat' dir='ltr'>dedisse</span> <span class='ocrx_word' id='word_1_158' title='bbox 933 2061 1073 2123; x_wconf 70' lang='lat' dir='ltr'>constet?</span> <span class='ocrx_word' id='word_1_159' title='bbox 1094 2063 1250 2123; x_wconf 79' lang='lat' dir='ltr'>Enimvero</span> <span class='ocrx_word' id='word_1_160' title='bbox 1260 2081 1334 2125; x_wconf 87' lang='lat' dir='ltr'>cum</span> 
     </span>
     <span class='ocr_line' id='line_1_20' title="bbox 230 2155 1333 2240; baseline -0.005 -20"><span class='ocrx_word' id='word_1_161' title='bbox 230 2159 288 2220; x_wconf 89' lang='lat' dir='ltr'>isto</span> <span class='ocrx_word' id='word_1_162' title='bbox 302 2159 441 2240; x_wconf 74' lang='lat' dir='ltr'>prmclure</span> <span class='ocrx_word' id='word_1_163' title='bbox 454 2157 667 2218; x_wconf 82' lang='lat' dir='ltr'>sctumiuisset</span> <span class='ocrx_word' id='word_1_164' title='bbox 685 2157 710 2217; x_wconf 93' lang='lat' dir='ltr'>si</span> <span class='ocrx_word' id='word_1_165' title='bbox 723 2157 842 2238; x_wconf 84' lang='lat' dir='ltr'>nupties</span> <span class='ocrx_word' id='word_1_166' title='bbox 861 2156 988 2217; x_wconf 81' lang='lat' dir='ltr'>domines</span> <span class='ocrx_word' id='word_1_167' title='bbox 1006 2155 1110 2218; x_wconf 83' lang='lat' dir='ltr'>fuisset</span> <span class='ocrx_word' id='word_1_168' title='bbox 1129 2165 1249 2216; x_wconf 76' lang='lat' dir='ltr'>nucum:</span> <span class='ocrx_word' id='word_1_169' title='bbox 1276 2176 1333 2237; x_wconf 80' lang='lat' dir='ltr'>ps-</span> 
     </span>
    </p>
   </div>
   <div class='ocr_carea' id='block_1_3' title="bbox 231 2246 1438 2330">
    <p class='ocr_par' dir='ltr' id='par_1_4' title="bbox 231 2246 1438 2330">
     <span class='ocr_line' id='line_1_21' title="bbox 231 2246 1438 2330; baseline -0.002 -16"><span class='ocrx_word' id='word_1_170' title='bbox 231 2261 307 2314; x_wconf 82' lang='lat' dir='ltr'>trem</span> <span class='ocrx_word' id='word_1_171' title='bbox 325 2259 433 2321; x_wconf 84' lang='lat' dir='ltr'>sutem,</span> <span class='ocrx_word' id='word_1_172' title='bbox 446 2269 484 2308; x_wconf 89' lang='lat' dir='ltr'>ne</span> <span class='ocrx_word' id='word_1_173' title='bbox 504 2260 627 2330; x_wconf 78' lang='lat' dir='ltr'>accepte</span> <span class='ocrx_word' id='word_1_174' title='bbox 638 2247 757 2328; x_wconf 89' lang='lat' dir='ltr'>quidem</span> <span class='ocrx_word' id='word_1_175' title='bbox 777 2259 861 2309; x_wconf 80' lang='lat' dir='ltr'>teum</span> <span class='ocrx_word' id='word_1_176' title='bbox 883 2246 1019 2328; x_wconf 83' lang='lat' dir='ltr'>pecunie,</span> <span class='ocrx_word' id='word_1_177' title='bbox 1032 2260 1171 2327; x_wconf 77' lang='lat' dir='ltr'>quantem</span> <span class='ocrx_word' id='word_1_178' title='bbox 1193 2267 1262 2310; x_wconf 92' lang='lat' dir='ltr'>emn</span> <span class='ocrx_word' id='word_1_179' title='bbox 1281 2249 1331 2312; x_wconf 88' lang='lat' dir='ltr'>isti</span> <span class='ocrx_word' id='word_1_180' title='bbox 1433 2283 1438 2287; x_wconf 88' lang='lat'><strong>·</strong></span> 
     </span>
    </p>
   </div>
   <div class='ocr_carea' id='block_1_4' title="bbox 226 2340 1331 4185">
    <p class='ocr_par' dir='ltr' id='par_1_5' title="bbox 226 2340 1331 4185">
     <span class='ocr_line' id='line_1_22' title="bbox 231 2340 1330 2422; baseline -0.004 -16"><span class='ocrx_word' id='word_1_181' title='bbox 231 2343 350 2406; x_wconf 88' lang='lat' dir='ltr'>dedisse</span> <span class='ocrx_word' id='word_1_182' title='bbox 361 2344 470 2415; x_wconf 83' lang='lat' dir='ltr'>ierunt,</span> <span class='ocrx_word' id='word_1_183' title='bbox 482 2341 631 2420; x_wconf 78' lang='lat' dir='ltr'>probabile</span> <span class='ocrx_word' id='word_1_184' title='bbox 641 2341 698 2400; x_wconf 80' lang='lat' dir='ltr'>fuit</span> <span class='ocrx_word' id='word_1_185' title='bbox 709 2341 776 2401; x_wconf 79' lang='lat' dir='ltr'>haec</span> <span class='ocrx_word' id='word_1_186' title='bbox 790 2340 882 2401; x_wconf 80' lang='lat' dir='ltr'>inisse</span> <span class='ocrx_word' id='word_1_187' title='bbox 895 2349 1042 2400; x_wconf 76' lang='lat' dir='ltr'>acturum.</span> <span class='ocrx_word' id='word_1_188' title='bbox 1082 2341 1144 2401; x_wconf 87' lang='lat' dir='ltr'>Sed</span> <span class='ocrx_word' id='word_1_189' title='bbox 1153 2350 1252 2401; x_wconf 80' lang='lat' dir='ltr'>tumen</span> <span class='ocrx_word' id='word_1_190' title='bbox 1261 2361 1330 2422; x_wconf 84' lang='lat' dir='ltr'>quse</span> 
     </span>
     <span class='ocr_line' id='line_1_23' title="bbox 230 2432 1331 2520; baseline -0.003 -19"><span class='ocrx_word' id='word_1_191' title='bbox 230 2441 332 2520; x_wconf 88' lang='lat' dir='ltr'>signis,</span> <span class='ocrx_word' id='word_1_192' title='bbox 345 2457 413 2518; x_wconf 81' lang='lat' dir='ltr'>quse</span> <span class='ocrx_word' id='word_1_193' title='bbox 426 2435 615 2516; x_wconf 86' lang='lat' dir='ltr'>temporibus,</span> <span class='ocrx_word' id='word_1_194' title='bbox 635 2455 702 2516; x_wconf 86' lang='lat' dir='ltr'>quse</span> <span class='ocrx_word' id='word_1_195' title='bbox 720 2437 809 2496; x_wconf 87' lang='lat' dir='ltr'>rebus</span> <span class='ocrx_word' id='word_1_196' title='bbox 828 2432 898 2514; x_wconf 89' lang='lat' dir='ltr'>ipsis</span> <span class='ocrx_word' id='word_1_197' title='bbox 917 2433 993 2495; x_wconf 80' lang='lat' dir='ltr'>iulss</span> <span class='ocrx_word' id='word_1_198' title='bbox 1006 2433 1277 2516; x_wconf 87' lang='lat' dir='ltr'>deprehenduntur,</span> <span class='ocrx_word' id='word_1_199' title='bbox 1293 2455 1331 2498; x_wconf 84' lang='lat' dir='ltr'>es</span> 
     </span>
     <span class='ocr_line' id='line_1_24' title="bbox 230 2527 1330 2612; baseline -0.003 -19"><span class='ocrx_word' id='word_1_200' title='bbox 230 2529 400 2612; x_wconf 75' lang='lat' dir='ltr'>Stephanus</span> <span class='ocrx_word' id='word_1_201' title='bbox 415 2527 565 2590; x_wconf 81' lang='lat' dir='ltr'>testificari</span> <span class='ocrx_word' id='word_1_202' title='bbox 578 2547 638 2588; x_wconf 89' lang='lat' dir='ltr'>uon</span> <span class='ocrx_word' id='word_1_203' title='bbox 652 2527 814 2588; x_wconf 77' lang='lat' dir='ltr'>dubitarit:</span> <span class='ocrx_word' id='word_1_204' title='bbox 834 2537 939 2608; x_wconf 81' lang='lat' dir='ltr'>postea</span> <span class='ocrx_word' id='word_1_205' title='bbox 956 2527 1068 2609; x_wconf 79' lang='lat' dir='ltr'>possim</span> <span class='ocrx_word' id='word_1_206' title='bbox 1082 2527 1210 2602; x_wconf 83' lang='lat' dir='ltr'>dictitet,</span> <span class='ocrx_word' id='word_1_207' title='bbox 1226 2527 1330 2590; x_wconf 82' lang='lat' dir='ltr'>testifi-</span> 
     </span>
     <span class='ocr_line' id='line_1_25' title="bbox 229 2618 1329 2700; baseline -0.004 -15"><span class='ocrx_word' id='word_1_208' title='bbox 229 2635 328 2686; x_wconf 84' lang='lat' dir='ltr'>cetum</span> <span class='ocrx_word' id='word_1_209' title='bbox 342 2639 408 2683; x_wconf 89' lang='lat' dir='ltr'>esse</span> <span class='ocrx_word' id='word_1_210' title='bbox 428 2619 578 2681; x_wconf 85' lang='lat' dir='ltr'>Nicoclem</span> <span class='ocrx_word' id='word_1_211' title='bbox 591 2639 624 2680; x_wconf 90' lang='lat' dir='ltr'>se</span> <span class='ocrx_word' id='word_1_212' title='bbox 640 2620 768 2700; x_wconf 82' lang='lat' dir='ltr'>gessisse</span> <span class='ocrx_word' id='word_1_213' title='bbox 782 2618 905 2679; x_wconf 80' lang='lat' dir='ltr'>tutelam</span> <span class='ocrx_word' id='word_1_214' title='bbox 923 2636 960 2679; x_wconf 86' lang='lat' dir='ltr'>ex</span> <span class='ocrx_word' id='word_1_215' title='bbox 980 2627 1170 2692; x_wconf 78' lang='lat' dir='ltr'>testamento,</span> <span class='ocrx_word' id='word_1_216' title='bbox 1183 2618 1329 2682; x_wconf 80' lang='lat' dir='ltr'>Periclem</span> 
     </span>
     <span class='ocr_line' id='line_1_26' title="bbox 228 2710 1329 2792; baseline -0.003 -14"><span class='ocrx_word' id='word_1_217' title='bbox 228 2717 416 2779; x_wconf 80' lang='lat' dir='ltr'>testificatum</span> <span class='ocrx_word' id='word_1_218' title='bbox 428 2731 492 2775; x_wconf 89' lang='lat' dir='ltr'>esse</span> <span class='ocrx_word' id='word_1_219' title='bbox 510 2733 542 2774; x_wconf 92' lang='lat' dir='ltr'>se</span> <span class='ocrx_word' id='word_1_220' title='bbox 556 2714 613 2774; x_wconf 91' lang='lat' dir='ltr'>sub</span> <span class='ocrx_word' id='word_1_221' title='bbox 631 2712 725 2774; x_wconf 84' lang='lat' dir='ltr'>tutele</span> <span class='ocrx_word' id='word_1_222' title='bbox 736 2712 828 2773; x_wconf 83' lang='lat' dir='ltr'>fuisse</span> <span class='ocrx_word' id='word_1_223' title='bbox 842 2731 881 2772; x_wconf 85' lang='lat' dir='ltr'>ex</span> <span class='ocrx_word' id='word_1_224' title='bbox 894 2719 1081 2773; x_wconf 72' lang='lat' dir='ltr'>testamento.</span> <span class='ocrx_word' id='word_1_225' title='bbox 1123 2710 1191 2792; x_wconf 84' lang='lat' dir='ltr'>Ego</span> <span class='ocrx_word' id='word_1_226' title='bbox 1203 2730 1272 2774; x_wconf 81' lang='lat' dir='ltr'>sero</span> <span class='ocrx_word' id='word_1_227' title='bbox 1292 2713 1329 2776; x_wconf 90' lang='lat' dir='ltr'>iis</span> 
     </span>
     <span class='ocr_line' id='line_1_27' title="bbox 229 2803 1330 2891; baseline -0.003 -21"><span class='ocrx_word' id='word_1_228' title='bbox 229 2809 300 2891; x_wconf 91' lang='lat' dir='ltr'>ipsis</span> <span class='ocrx_word' id='word_1_229' title='bbox 314 2805 492 2889; x_wconf 79' lang='lat' dir='ltr'>argumentis</span> <span class='ocrx_word' id='word_1_230' title='bbox 506 2803 624 2868; x_wconf 89' lang='lat' dir='ltr'>ostendi</span> <span class='ocrx_word' id='word_1_231' title='bbox 643 2814 716 2886; x_wconf 88' lang='lat' dir='ltr'>puto</span> <span class='ocrx_word' id='word_1_232' title='bbox 731 2824 825 2885; x_wconf 91' lang='lat' dir='ltr'>neque</span> <span class='ocrx_word' id='word_1_233' title='bbox 844 2803 923 2876; x_wconf 87' lang='lat' dir='ltr'>illos,</span> <span class='ocrx_word' id='word_1_234' title='bbox 943 2823 1039 2883; x_wconf 90' lang='lat' dir='ltr'>neque</span> <span class='ocrx_word' id='word_1_235' title='bbox 1053 2803 1120 2876; x_wconf 89' lang='lat' dir='ltr'>hos,</span> <span class='ocrx_word' id='word_1_236' title='bbox 1134 2823 1205 2865; x_wconf 84' lang='lat' dir='ltr'>rere</span> <span class='ocrx_word' id='word_1_237' title='bbox 1224 2805 1330 2867; x_wconf 80' lang='lat' dir='ltr'>testifi-</span> 
     </span>
     <span class='ocr_line' id='line_1_28' title="bbox 229 2896 1328 2979; baseline -0.006 -14"><span class='ocrx_word' id='word_1_238' title='bbox 229 2910 314 2965; x_wconf 81' lang='lat' dir='ltr'>cstos</span> <span class='ocrx_word' id='word_1_239' title='bbox 328 2921 403 2964; x_wconf 87' lang='lat' dir='ltr'>csse.</span> <span class='ocrx_word' id='word_1_240' title='bbox 444 2899 503 2969; x_wconf 84' lang='lat' dir='ltr'>Qui</span> <span class='ocrx_word' id='word_1_241' title='bbox 523 2900 602 2962; x_wconf 88' lang='lat' dir='ltr'>enim</span> <span class='ocrx_word' id='word_1_242' title='bbox 615 2919 647 2960; x_wconf 88' lang='lat' dir='ltr'>se</span> <span class='ocrx_word' id='word_1_243' title='bbox 660 2897 790 2979; x_wconf 78' lang='lat' dir='ltr'>gessisse</span> <span class='ocrx_word' id='word_1_244' title='bbox 806 2896 928 2957; x_wconf 79' lang='lat' dir='ltr'>tutelam</span> <span class='ocrx_word' id='word_1_245' title='bbox 948 2914 987 2957; x_wconf 86' lang='lat' dir='ltr'>ex</span> <span class='ocrx_word' id='word_1_246' title='bbox 999 2907 1178 2958; x_wconf 79' lang='lat' dir='ltr'>testamento</span> <span class='ocrx_word' id='word_1_247' title='bbox 1190 2907 1328 2974; x_wconf 84' lang='lat' dir='ltr'>testetur,</span> 
     </span>
     <span class='ocr_line' id='line_1_29' title="bbox 229 2987 1329 3075; baseline -0.005 -18"><span class='ocrx_word' id='word_1_248' title='bbox 229 3007 297 3057; x_wconf 84' lang='lat' dir='ltr'>eum</span> <span class='ocrx_word' id='word_1_249' title='bbox 315 2995 390 3056; x_wconf 89' lang='lat' dir='ltr'>scire</span> <span class='ocrx_word' id='word_1_250' title='bbox 403 2994 591 3075; x_wconf 88' lang='lat' dir='ltr'>perspicuum</span> <span class='ocrx_word' id='word_1_251' title='bbox 605 3002 661 3063; x_wconf 87' lang='lat' dir='ltr'>est,</span> <span class='ocrx_word' id='word_1_252' title='bbox 674 3009 710 3050; x_wconf 87' lang='lat' dir='ltr'>es</span> <span class='ocrx_word' id='word_1_253' title='bbox 724 2987 814 3068; x_wconf 84' lang='lat' dir='ltr'>queli.</span> <span class='ocrx_word' id='word_1_254' title='bbox 857 2988 936 3056; x_wconf 88' lang='lat' dir='ltr'>Quid</span> <span class='ocrx_word' id='word_1_255' title='bbox 951 2987 1041 3067; x_wconf 89' lang='lat' dir='ltr'>igitur</span> <span class='ocrx_word' id='word_1_256' title='bbox 1052 2990 1136 3051; x_wconf 84' lang='lat' dir='ltr'>vobis</span> <span class='ocrx_word' id='word_1_257' title='bbox 1149 2989 1180 3050; x_wconf 93' lang='lat' dir='ltr'>in</span> <span class='ocrx_word' id='word_1_258' title='bbox 1199 3001 1329 3052; x_wconf 88' lang='lat' dir='ltr'>mentem</span> 
     </span>
     <span class='ocr_line' id='line_1_30' title="bbox 228 3079 1329 3163; baseline -0.005 -14"><span class='ocrx_word' id='word_1_259' title='bbox 228 3087 364 3150; x_wconf 79' lang='lat' dir='ltr'>veniebat</span> <span class='ocrx_word' id='word_1_260' title='bbox 386 3096 421 3145; x_wconf 90' lang='lat' dir='ltr'>ut</span> <span class='ocrx_word' id='word_1_261' title='bbox 442 3086 473 3145; x_wconf 91' lang='lat' dir='ltr'>in</span> <span class='ocrx_word' id='word_1_262' title='bbox 494 3081 701 3163; x_wconf 75' lang='lat' dir='ltr'>provocatione</span> <span class='ocrx_word' id='word_1_263' title='bbox 715 3079 916 3140; x_wconf 85' lang='lat' dir='ltr'>testimonium</span> <span class='ocrx_word' id='word_1_264' title='bbox 927 3079 1065 3142; x_wconf 89' lang='lat' dir='ltr'>diceretis</span> <span class='ocrx_word' id='word_1_265' title='bbox 1079 3082 1117 3143; x_wconf 91' lang='lat' dir='ltr'>de</span> <span class='ocrx_word' id='word_1_266' title='bbox 1130 3084 1329 3144; x_wconf 65' lang='lat' dir='ltr'>testamento?</span> 
     </span>
     <span class='ocr_line' id='line_1_31' title="bbox 229 3171 1328 3259; baseline -0.002 -19"><span class='ocrx_word' id='word_1_267' title='bbox 229 3199 283 3240; x_wconf 88' lang='lat' dir='ltr'>cur</span> <span class='ocrx_word' id='word_1_268' title='bbox 305 3197 365 3238; x_wconf 91' lang='lat' dir='ltr'>non</span> <span class='ocrx_word' id='word_1_269' title='bbox 389 3175 457 3236; x_wconf 89' lang='lat' dir='ltr'>illos</span> <span class='ocrx_word' id='word_1_270' title='bbox 471 3174 569 3254; x_wconf 88' lang='lat' dir='ltr'>potius</span> <span class='ocrx_word' id='word_1_271' title='bbox 583 3171 680 3233; x_wconf 89' lang='lat' dir='ltr'>dicere</span> <span class='ocrx_word' id='word_1_272' title='bbox 694 3171 855 3232; x_wconf 68' lang='lat' dir='ltr'>sinebatis?</span> <span class='ocrx_word' id='word_1_273' title='bbox 875 3171 954 3232; x_wconf 84' lang='lat' dir='ltr'>Nem</span> <span class='ocrx_word' id='word_1_274' title='bbox 965 3172 991 3232; x_wconf 91' lang='lat' dir='ltr'>si</span> <span class='ocrx_word' id='word_1_275' title='bbox 1003 3173 1045 3233; x_wconf 93' lang='lat' dir='ltr'>illi</span> <span class='ocrx_word' id='word_1_276' title='bbox 1054 3193 1121 3254; x_wconf 80' lang='lat' dir='ltr'>quse</span> <span class='ocrx_word' id='word_1_277' title='bbox 1130 3174 1161 3235; x_wconf 90' lang='lat' dir='ltr'>iu</span> <span class='ocrx_word' id='word_1_278' title='bbox 1172 3193 1210 3236; x_wconf 89' lang='lat' dir='ltr'>eo</span> <span class='ocrx_word' id='word_1_279' title='bbox 1219 3177 1328 3259; x_wconf 70' lang='lat' dir='ltr'>scriptu</span> 
     </span>
     <span class='ocr_line' id='line_1_32' title="bbox 228 3265 1327 3351; baseline -0.001 -20"><span class='ocrx_word' id='word_1_280' title='bbox 228 3270 339 3332; x_wconf 81' lang='lat' dir='ltr'>luerint</span> <span class='ocrx_word' id='word_1_281' title='bbox 351 3267 426 3328; x_wconf 88' lang='lat' dir='ltr'>scire</span> <span class='ocrx_word' id='word_1_282' title='bbox 439 3285 472 3328; x_wconf 93' lang='lat' dir='ltr'>se</span> <span class='ocrx_word' id='word_1_283' title='bbox 485 3266 647 3346; x_wconf 76' lang='lat' dir='ltr'>negabunt,</span> <span class='ocrx_word' id='word_1_284' title='bbox 657 3265 708 3346; x_wconf 87' lang='lat' dir='ltr'>qui</span> <span class='ocrx_word' id='word_1_285' title='bbox 721 3284 775 3326; x_wconf 82' lang='lat' dir='ltr'>ros</span> <span class='ocrx_word' id='word_1_286' title='bbox 788 3281 825 3326; x_wconf 83' lang='lat' dir='ltr'>es</span> <span class='ocrx_word' id='word_1_287' title='bbox 837 3265 913 3326; x_wconf 85' lang='lat' dir='ltr'>scire</span> <span class='ocrx_word' id='word_1_288' title='bbox 922 3267 1055 3345; x_wconf 87' lang='lat' dir='ltr'>potestis,</span> <span class='ocrx_word' id='word_1_289' title='bbox 1069 3286 1144 3347; x_wconf 90' lang='lat' dir='ltr'>quos</span> <span class='ocrx_word' id='word_1_290' title='bbox 1157 3269 1223 3350; x_wconf 82' lang='lat' dir='ltr'>ipss</span> <span class='ocrx_word' id='word_1_291' title='bbox 1234 3289 1327 3351; x_wconf 88' lang='lat' dir='ltr'>nego-</span> 
     </span>
     <span class='ocr_line' id='line_1_33' title="bbox 226 3357 1326 3442; baseline 0.001 -18"><span class='ocrx_word' id='word_1_292' title='bbox 226 3363 270 3424; x_wconf 83' lang='lat' dir='ltr'>tis</span> <span class='ocrx_word' id='word_1_293' title='bbox 287 3377 432 3440; x_wconf 77' lang='lat' dir='ltr'>nusquam</span> <span class='ocrx_word' id='word_1_294' title='bbox 444 3357 491 3420; x_wconf 85' lang='lat' dir='ltr'>vel</span> <span class='ocrx_word' id='word_1_295' title='bbox 501 3358 619 3419; x_wconf 82' lang='lat' dir='ltr'>minime</span> <span class='ocrx_word' id='word_1_296' title='bbox 631 3377 668 3418; x_wconf 84' lang='lat' dir='ltr'>ex</span> <span class='ocrx_word' id='word_1_297' title='bbox 682 3368 766 3439; x_wconf 87' lang='lat' dir='ltr'>perte</span> <span class='ocrx_word' id='word_1_298' title='bbox 779 3357 963 3438; x_wconf 66' lang='lat' dir='ltr'>attigerunt?</span> <span class='ocrx_word' id='word_1_299' title='bbox 994 3359 1058 3420; x_wconf 86' lang='lat' dir='ltr'>Cur</span> <span class='ocrx_word' id='word_1_300' title='bbox 1070 3359 1163 3442; x_wconf 88' lang='lat' dir='ltr'>igitur</span> <span class='ocrx_word' id='word_1_301' title='bbox 1175 3361 1224 3424; x_wconf 81' lang='lat' dir='ltr'>clii</span> <span class='ocrx_word' id='word_1_302' title='bbox 1233 3372 1326 3425; x_wconf 88' lang='lat' dir='ltr'>testes</span> 
     </span>
     <span class='ocr_line' id='line_1_34' title="bbox 228 3450 1326 3534; baseline 0.001 -16"><span class='ocrx_word' id='word_1_303' title='bbox 228 3455 288 3518; x_wconf 83' lang='lat' dir='ltr'>elie</span> <span class='ocrx_word' id='word_1_304' title='bbox 300 3451 456 3515; x_wconf 79' lang='lat' dir='ltr'>dixerunct</span> <span class='ocrx_word' id='word_1_305' title='bbox 486 3451 576 3521; x_wconf 84' lang='lat' dir='ltr'>Quod</span> <span class='ocrx_word' id='word_1_306' title='bbox 595 3450 675 3534; x_wconf 80' lang='lat' dir='ltr'>prius</span> <span class='ocrx_word' id='word_1_307' title='bbox 689 3451 776 3512; x_wconf 81' lang='lat' dir='ltr'>etiam</span> <span class='ocrx_word' id='word_1_308' title='bbox 788 3452 860 3526; x_wconf 85' lang='lat' dir='ltr'>diri,</span> <span class='ocrx_word' id='word_1_309' title='bbox 874 3450 975 3533; x_wconf 84' lang='lat' dir='ltr'>pertiti</span> <span class='ocrx_word' id='word_1_310' title='bbox 985 3464 1056 3514; x_wconf 89' lang='lat' dir='ltr'>sunt</span> <span class='ocrx_word' id='word_1_311' title='bbox 1068 3451 1145 3516; x_wconf 86' lang='lat' dir='ltr'>iuter</span> <span class='ocrx_word' id='word_1_312' title='bbox 1157 3474 1192 3516; x_wconf 90' lang='lat' dir='ltr'>se</span> <span class='ocrx_word' id='word_1_313' title='bbox 1205 3456 1326 3519; x_wconf 75' lang='lat' dir='ltr'>scelere.</span> 
     </span>
     <span class='ocr_line' id='line_1_35' title="bbox 228 3545 1327 3629; baseline 0.001 -21"><span class='ocrx_word' id='word_1_314' title='bbox 228 3549 379 3629; x_wconf 81' lang='lat' dir='ltr'>Atquese</span> <span class='ocrx_word' id='word_1_315' title='bbox 399 3546 570 3607; x_wconf 80' lang='lat' dir='ltr'>tutelam</span> <span class='ocrx_word' id='word_1_316' title='bbox 588 3545 774 3625; x_wconf 83' lang='lat' dir='ltr'>gessisse</span> <span class='ocrx_word' id='word_1_317' title='bbox 792 3563 841 3604; x_wconf 87' lang='lat' dir='ltr'>ex</span> <span class='ocrx_word' id='word_1_318' title='bbox 858 3555 1113 3608; x_wconf 82' lang='lat' dir='ltr'>testamento</span> <span class='ocrx_word' id='word_1_319' title='bbox 1132 3547 1202 3628; x_wconf 89' lang='lat' dir='ltr'>qui</span> <span class='ocrx_word' id='word_1_320' title='bbox 1221 3548 1327 3609; x_wconf 86' lang='lat' dir='ltr'>dixit</span> 
     </span>
     <span class='ocr_line' id='line_1_36' title="bbox 229 3636 1327 3720; baseline -0.001 -16"><span class='ocrx_word' id='word_1_321' title='bbox 229 3641 302 3704; x_wconf 84' lang='lat' dir='ltr'>nihil</span> <span class='ocrx_word' id='word_1_322' title='bbox 314 3659 347 3701; x_wconf 89' lang='lat' dir='ltr'>se</span> <span class='ocrx_word' id='word_1_323' title='bbox 359 3657 446 3720; x_wconf 81' lang='lat' dir='ltr'>greve</span> <span class='ocrx_word' id='word_1_324' title='bbox 460 3637 569 3700; x_wconf 79' lang='lat' dir='ltr'>dixisse</span> <span class='ocrx_word' id='word_1_325' title='bbox 581 3639 718 3718; x_wconf 79' lang='lat' dir='ltr'>opinetur</span> <span class='ocrx_word' id='word_1_326' title='bbox 733 3647 790 3710; x_wconf 89' lang='lat' dir='ltr'>est,</span> <span class='ocrx_word' id='word_1_327' title='bbox 803 3656 899 3717; x_wconf 90' lang='lat' dir='ltr'>neque</span> <span class='ocrx_word' id='word_1_328' title='bbox 912 3636 937 3696; x_wconf 87' lang='lat' dir='ltr'>is</span> <span class='ocrx_word' id='word_1_329' title='bbox 951 3638 1002 3718; x_wconf 89' lang='lat' dir='ltr'>qui</span> <span class='ocrx_word' id='word_1_330' title='bbox 1020 3657 1063 3698; x_wconf 87' lang='lat' dir='ltr'>se</span> <span class='ocrx_word' id='word_1_331' title='bbox 1088 3640 1161 3698; x_wconf 86' lang='lat' dir='ltr'>sub</span> <span class='ocrx_word' id='word_1_332' title='bbox 1187 3648 1277 3702; x_wconf 90' lang='lat' dir='ltr'>tute</span> <span class='ocrx_word' id='word_1_333' title='bbox 1287 3641 1327 3704; x_wconf 83' lang='lat' dir='ltr'>ls</span> 
     </span>
     <span class='ocr_line' id='line_1_37' title="bbox 229 3728 1326 3812; baseline 0.001 -16"><span class='ocrx_word' id='word_1_334' title='bbox 229 3728 507 3796; x_wconf 85' lang='lat' dir='ltr'>inissedicitex</span> <span class='ocrx_word' id='word_1_335' title='bbox 530 3731 1326 3812; x_wconf 82' lang='lat' dir='ltr'>testemento-—euiesensuterquesuotestisuouio</span> 
     </span>
     <span class='ocr_line' id='line_1_38' title="bbox 227 3823 1323 3909; baseline -0.001 -19"><span class='ocrx_word' id='word_1_336' title='bbox 227 3847 352 3909; x_wconf 78' lang='lat' dir='ltr'>sequte</span> <span class='ocrx_word' id='word_1_337' title='bbox 371 3837 442 3888; x_wconf 89' lang='lat' dir='ltr'>runt</span> <span class='ocrx_word' id='word_1_338' title='bbox 463 3825 502 3885; x_wconf 82' lang='lat' dir='ltr'>eb</span> <span class='ocrx_word' id='word_1_339' title='bbox 518 3825 577 3885; x_wconf 89' lang='lat' dir='ltr'>isto</span> <span class='ocrx_word' id='word_1_340' title='bbox 594 3823 1077 3905; x_wconf 81' lang='lat' dir='ltr'>scriptsintestumento-‚slius</span> <span class='ocrx_word' id='word_1_341' title='bbox 1100 3826 1323 3907; x_wconf 87' lang='lat' dir='ltr'>reliquisse</span> 
     </span>
     <span class='ocr_line' id='line_1_39' title="bbox 227 3917 1323 4002; baseline -0.003 -18"><span class='ocrx_word' id='word_1_342' title='bbox 227 3923 306 3984; x_wconf 89' lang='lat' dir='ltr'>sibi</span> <span class='ocrx_word' id='word_1_343' title='bbox 344 3931 487 4002; x_wconf 86' lang='lat' dir='ltr'>putrem</span> <span class='ocrx_word' id='word_1_344' title='bbox 527 3917 694 3980; x_wconf 84' lang='lat' dir='ltr'>tebulss</span> <span class='ocrx_word' id='word_1_345' title='bbox 738 3928 1039 3979; x_wconf 77' lang='lat' dir='ltr'>testamentum</span> <span class='ocrx_word' id='word_1_346' title='bbox 1084 3918 1323 4002; x_wconf 81' lang='lat' dir='ltr'>inscriptus,</span> 
     </span>
     <span class='ocr_line' id='line_1_40' title="bbox 226 4009 1323 4094; baseline -0.001 -18"><span class='ocrx_word' id='word_1_347' title='bbox 226 4014 302 4076; x_wconf 87' lang='lat' dir='ltr'>slius</span> <span class='ocrx_word' id='word_1_348' title='bbox 315 4015 378 4094; x_wconf 88' lang='lat' dir='ltr'>ejus</span> <span class='ocrx_word' id='word_1_349' title='bbox 388 4011 504 4092; x_wconf 83' lang='lat' dir='ltr'>generis</span> <span class='ocrx_word' id='word_1_350' title='bbox 518 4009 589 4070; x_wconf 83' lang='lat' dir='ltr'>elis:</span> <span class='ocrx_word' id='word_1_351' title='bbox 604 4010 658 4072; x_wconf 89' lang='lat' dir='ltr'>sed</span> <span class='ocrx_word' id='word_1_352' title='bbox 671 4011 717 4071; x_wconf 89' lang='lat' dir='ltr'>de</span> <span class='ocrx_word' id='word_1_353' title='bbox 731 4019 988 4072; x_wconf 71' lang='lat' dir='ltr'>testamento</span> <span class='ocrx_word' id='word_1_354' title='bbox 1007 4011 1106 4072; x_wconf 90' lang='lat' dir='ltr'>dicere</span> <span class='ocrx_word' id='word_1_355' title='bbox 1115 4013 1323 4088; x_wconf 88' lang='lat' dir='ltr'>testimonium,</span> 
     </span>
     <span class='ocr_line' id='line_1_41' title="bbox 226 4103 1322 4185; baseline 0.003 -21"><span class='ocrx_word' id='word_1_356' title='bbox 226 4106 326 4184; x_wconf 89' lang='lat' dir='ltr'>inquo</span> <span class='ocrx_word' id='word_1_357' title='bbox 339 4113 484 4166; x_wconf 81' lang='lat' dir='ltr'>esttentse</span> <span class='ocrx_word' id='word_1_358' title='bbox 498 4104 630 4184; x_wconf 68' lang='lat' dir='ltr'>pecunie</span> <span class='ocrx_word' id='word_1_359' title='bbox 639 4103 759 4175; x_wconf 84' lang='lat' dir='ltr'>furtum,</span> <span class='ocrx_word' id='word_1_360' title='bbox 771 4103 870 4164; x_wconf 79' lang='lat' dir='ltr'>uxoris</span> <span class='ocrx_word' id='word_1_361' title='bbox 878 4103 1052 4184; x_wconf 78' lang='lat' dir='ltr'>corruptela,</span> <span class='ocrx_word' id='word_1_362' title='bbox 1066 4106 1177 4185; x_wconf 75' lang='lat' dir='ltr'>nuptiis</span> <span class='ocrx_word' id='word_1_363' title='bbox 1186 4107 1322 4182; x_wconf 70' lang='lat' dir='ltr'>domines,</span> 
     </span>
    </p>
   </div>
   <div class='ocr_carea' id='block_1_5' title="bbox 226 4195 1422 4285">
    <p class='ocr_par' dir='ltr' id='par_1_6' title="bbox 226 4195 1422 4285">
     <span class='ocr_line' id='line_1_42' title="bbox 226 4195 1422 4285; baseline 0 -26"><span class='ocrx_word' id='word_1_364' title='bbox 226 4217 273 4259; x_wconf 87' lang='lat' dir='ltr'>res</span> <span class='ocrx_word' id='word_1_365' title='bbox 283 4197 356 4257; x_wconf 81' lang='lat' dir='ltr'>tenti</span> <span class='ocrx_word' id='word_1_366' title='bbox 366 4197 467 4276; x_wconf 78' lang='lat' dir='ltr'>flagitii</span> <span class='ocrx_word' id='word_1_367' title='bbox 480 4195 610 4276; x_wconf 76' lang='lat' dir='ltr'>mutique</span> <span class='ocrx_word' id='word_1_368' title='bbox 624 4195 789 4270; x_wconf 90' lang='lat' dir='ltr'>dedecoris,</span> <span class='ocrx_word' id='word_1_369' title='bbox 797 4212 886 4256; x_wconf 88' lang='lat' dir='ltr'>nemo</span> <span class='ocrx_word' id='word_1_370' title='bbox 894 4195 997 4269; x_wconf 79' lang='lat' dir='ltr'>uoluit,</span> <span class='ocrx_word' id='word_1_371' title='bbox 1010 4195 1068 4257; x_wconf 88' lang='lat' dir='ltr'>uisi</span> <span class='ocrx_word' id='word_1_372' title='bbox 1084 4197 1142 4270; x_wconf 80' lang='lat' dir='ltr'>isti,</span> <span class='ocrx_word' id='word_1_373' title='bbox 1154 4199 1204 4278; x_wconf 91' lang='lat' dir='ltr'>qui</span> <span class='ocrx_word' id='word_1_374' title='bbox 1217 4217 1323 4280; x_wconf 86' lang='lat' dir='ltr'>puoro-</span> <span class='ocrx_word' id='word_1_375' title='bbox 1418 4280 1422 4285; x_wconf 10' lang='grc' dir='ltr'><strong><em>ᾖ</em></strong></span> 
     </span>
    </p>
   </div>
   <div class='ocr_carea' id='block_1_6' title="bbox 224 4287 1323 4553">
    <p class='ocr_par' dir='ltr' id='par_1_7' title="bbox 224 4287 1323 4553">
     <span class='ocr_line' id='line_1_43' title="bbox 224 4287 1323 4368; baseline 0 -16"><span class='ocrx_word' id='word_1_376' title='bbox 224 4289 369 4352; x_wconf 78' lang='lat' dir='ltr'>eudonem</span> <span class='ocrx_word' id='word_1_377' title='bbox 384 4300 454 4349; x_wconf 88' lang='lat' dir='ltr'>sunt</span> <span class='ocrx_word' id='word_1_378' title='bbox 465 4288 680 4362; x_wconf 69' lang='lat' dir='ltr'>commertiis</span> <span class='ocrx_word' id='word_1_379' title='bbox 692 4289 923 4368; x_wconf 80' lang='lat' dir='ltr'>quibussequnm</span> <span class='ocrx_word' id='word_1_380' title='bbox 934 4287 1078 4350; x_wconf 84' lang='lat' dir='ltr'>esttotius</span> <span class='ocrx_word' id='word_1_381' title='bbox 1090 4290 1206 4350; x_wconf 81' lang='lat' dir='ltr'>teelrnse</span> <span class='ocrx_word' id='word_1_382' title='bbox 1218 4300 1249 4351; x_wconf 90' lang='lat' dir='ltr'>et</span> <span class='ocrx_word' id='word_1_383' title='bbox 1259 4309 1323 4352; x_wconf 87' lang='lat' dir='ltr'>urs·</span> 
     </span>
     <span class='ocr_line' id='line_1_44' title="bbox 224 4379 1321 4463; baseline -0.003 -19"><span class='ocrx_word' id='word_1_384' title='bbox 224 4381 312 4444; x_wconf 79' lang='lat' dir='ltr'>ledcii</span> <span class='ocrx_word' id='word_1_385' title='bbox 325 4381 399 4440; x_wconf 88' lang='lat' dir='ltr'>sumi</span> <span class='ocrx_word' id='word_1_386' title='bbox 412 4399 523 4462; x_wconf 76' lang='lat' dir='ltr'>prenae.</span> <span class='ocrx_word' id='word_1_387' title='bbox 565 4381 614 4441; x_wconf 83' lang='lat' dir='ltr'>Ne</span> <span class='ocrx_word' id='word_1_388' title='bbox 634 4391 743 4452; x_wconf 83' lang='lat' dir='ltr'>eutem,</span> <span class='ocrx_word' id='word_1_389' title='bbox 757 4379 1010 4463; x_wconf 62' lang='lat' dir='ltr'>Atheniensesex</span> <span class='ocrx_word' id='word_1_390' title='bbox 1023 4380 1059 4439; x_wconf 90' lang='lat' dir='ltr'>iis</span> <span class='ocrx_word' id='word_1_391' title='bbox 1073 4381 1169 4441; x_wconf 88' lang='lat' dir='ltr'>solum</span> <span class='ocrx_word' id='word_1_392' title='bbox 1182 4401 1249 4462; x_wconf 81' lang='lat' dir='ltr'>quse</span> <span class='ocrx_word' id='word_1_393' title='bbox 1264 4401 1321 4463; x_wconf 85' lang='lat' dir='ltr'>ego</span> 
     </span>
     <span class='ocr_line' id='line_1_45' title="bbox 226 4468 1323 4553; baseline -0.001 -17"><span class='ocrx_word' id='word_1_394' title='bbox 226 4493 335 4540; x_wconf 79' lang='lat' dir='ltr'>secuso</span> <span class='ocrx_word' id='word_1_395' title='bbox 348 4481 437 4553; x_wconf 83' lang='lat' dir='ltr'>etque</span> <span class='ocrx_word' id='word_1_396' title='bbox 451 4491 555 4552; x_wconf 79' lang='lat' dir='ltr'>arguo,</span> <span class='ocrx_word' id='word_1_397' title='bbox 570 4473 645 4536; x_wconf 84' lang='lat' dir='ltr'>ielse</span> <span class='ocrx_word' id='word_1_398' title='bbox 656 4468 768 4534; x_wconf 85' lang='lat' dir='ltr'>dixisse</span> <span class='ocrx_word' id='word_1_399' title='bbox 779 4481 885 4534; x_wconf 86' lang='lat' dir='ltr'>testem</span> <span class='ocrx_word' id='word_1_400' title='bbox 900 4472 1081 4553; x_wconf 83' lang='lat' dir='ltr'>Stephsnum</span> <span class='ocrx_word' id='word_1_401' title='bbox 1094 4474 1177 4534; x_wconf 80' lang='lat' dir='ltr'>robis</span> <span class='ocrx_word' id='word_1_402' title='bbox 1193 4485 1323 4550; x_wconf 86' lang='lat' dir='ltr'>constet,</span> 
     </span>
    </p>
   </div>
   <div class='ocr_carea' id='block_1_7' title="bbox 0 0 1488 5017">
    <p class='ocr_par' dir='ltr' id='par_1_8' title="bbox 0 0 1488 5017">
     <span class='ocr_line' id='line_1_46' title="bbox 0 0 1488 5017; baseline 0 4"><span class='ocrx_word' id='word_1_403' title='bbox 0 0 1488 5017; x_wconf 95' lang='lat' dir='ltr'> </span> 
     </span>
    </p>
   </div>
  </div>
 </body>
</html>
