2967 5017
472 343 522 404 ru
544 341 881 406 cursuscursus
1174 307 1223 402 'st
1333 299 1339 308 ’

134 493 261 554 civitatis
270 505 380 556 nostre
394 497 602 576 rempublicam
614 496 749 556 funditus
768 498 880 569 evertit,
895 496 1097 577 primumcum
1111 495 1140 556 in
1154 505 1228 556 tem·
1280 525 1284 534 .

134 585 216 665 plum
236 587 412 666 Delphicum
427 589 516 669 impie
536 588 671 668 deliquit,
690 587 799 650 deinde
816 607 884 648 cum
905 590 1042 668 injustam
1064 597 1094 646 et
1110 587 1229 646 omnino

134 677 273 756 imparem
287 699 354 738 curn
369 680 519 741 Thebanis
534 680 703 741 societatem
714 679 855 740 decrevit.
876 679 936 739 Sed
950 699 968 739 a
981 679 1148 749 sceleribus,
1163 686 1237 758 quar*
1333 731 1338 742 .

132 768 164 828 in
177 769 249 829 deos
269 771 449 832 immortales
470 773 609 850 suscepit,
622 753 737 831 initium
751 771 866 833 ducam.
906 770 1034 849 Campus
1058 781 1112 841 est,
1137 770 1229 830 Athe·

25 921 30 931 ,
133 861 261 930 nienses,
282 881 371 941 quem
392 864 553 924 Cirrhaeum
567 856 731 936 nominant,
755 873 913 942 portusque
929 863 978 942 qui
996 862 1084 921 hodie
1098 863 1189 922 Sacer
1200 870 1232 921 et

134 952 302 1014 Sceleratus
322 955 497 1034 appellatur.
528 955 602 1014 Eam
626 955 774 1034 regionem
798 965 956 1014 tenuerunt
975 955 1043 1014 olim
1065 951 1186 1013 Cirrhoei
1199 962 1231 1012 ct

133 1044 324 1119 Cra'uallidae,
338 1057 440 1124 gentes
461 1067 480 1106 a
497 1048 611 1125 legibus
624 1046 819 1118 alienissimoe,
838 1046 933 1126 quiet
950 1045 1090 1132 'templum
1107 1044 1229 1123 Delphi·

85 1163 89 1170 ·
131 1131 200 1194 'cum
212 1147 242 1196 et
256 1157 322 1214 quae
335 1137 365 1195 in
379 1158 415 1196 eo
428 1152 513 1197 eraut
526 1137 646 1196 donaris
658 1131 813 1208 uiolarunt,
828 1136 971 1214 simulque
982 1137 1230 1215 Amphictyonum

133 1227 258 1288 concilio
277 1229 398 1308 injurias
418 1228 588 1286 intulerunt.
620 1228 670 1286 Ob
691 1229 757 1288 haec
777 1228 866 1304 igitur
886 1228 966 1286 facta
984 1228 1150 1306 indignati,
1163 1239 1230 1288 curn

126 1320 183 1380 alii
196 1320 439 1399 Amphictyones,
453 1331 516 1393 turn
529 1339 598 1379 vero
612 1320 746 1391 maxime,
757 1330 790 1379 ut
798 1320 905 1389 ferunt,
915 1319 1041 1398 majores
1050 1319 1151 1394 uestri,
1164 1339 1230 1381 ors*

128 1411 232 1481 ¹culum
244 1411 291 1469 dei
306 1412 497 1482 sciebantur,
509 1410 620 1489 quibus
631 1413 781 1490 suppliciis
803 1411 831 1470 in
851 1411 924 1492 istos
945 1411 1077 1474 homines
1100 1411 1232 1472 animad*

132 1511 246 1560 uertere
260 1512 417 1579 oporteret.
464 1503 632 1582 Respondit
654 1503 771 1582 Pythia,
785 1503 827 1562 uti
841 1501 987 1562 Cirrhaeos
1004 1512 1034 1562 et
1050 1501 1231 1562 Crauallide's

126 1593 214 1653 ,omni
228 1603 357 1670 tempore
371 1594 436 1654 dies
454 1606 617 1675 noctesque
630 1595 710 1655 bello
722 1605 872 1666 vexarent,
887 1594 1064 1673 direptisque
1078 1612 1176 1652 eorum
1197 1593 1231 1653 ti·

134 1684 222 1742 nibus
236 1684 365 1762 ipsisque
377 1685 409 1744 in
423 1686 592 1746 servitutem
606 1687 773 1757 abstractis,
787 1705 874 1764 agros
890 1686 958 1745 illos
972 1685 1101 1765 Apollini
1114 1684 1232 1764 Pythio,

135 1775 250 1847 Dianae,
266 1776 399 1846 Latonae,
415 1778 556 1836 Minervae
571 1779 717 1849 Proridoe,
731 1779 804 1838 utin
818 1789 992 1858 perpetuum
1006 1779 1109 1840 inculti
1122 1789 1232 1850 esseut,

134 1871 351 1942 consecrarent,
363 1886 475 1947 eosque
494 1889 591 1948 neque
609 1871 664 1948 ipsi
682 1869 813 1932 colerent
834 1889 926 1948 neque
948 1872 985 1930 ab
1006 1870 1063 1929 alio
1077 1868 1135 1929 coli
1150 1879 1233 1947 pate·

23 1949 28 1960 ’
126 1970 243 2032 rentur.
265 1961 331 2020 Hoc
348 1963 468 2022 oraculo
486 1973 621 2042 accepto,
639 1962 870 2044 Amphictyones
891 1962 1091 2032 decreverunt,
1112 1970 1232 2022 senten-

127 2052 206 2122 tiam
219 2053 336 2114 dicente
350 2054 459 2114 Solone
473 2055 656 2128 Atheniensi,
670 2055 733 2115 viro
747 2065 778 2114 et
799 2054 898 2132 legum
916 2053 1136 2116 scribendarum
1154 2053 1233 2131 peri-

126 2142 247 2204 tissimo
259 2156 290 2204 et
302 2147 331 2206 in
345 2147 469 2225 poeticae
479 2165 514 2206 ac
528 2147 721 2226 philosophiae
732 2146 836 2206 studiis
847 2148 1016 2219 exercitato,
1028 2157 1061 2206 ut
1070 2165 1109 2204 ex
1124 2145 1233 2206 oraculi

132 2237 305 2316 praescripto
318 2238 465 2299 exercitus
479 2249 580 2300 contra
594 2240 752 2301 sceleratos
767 2240 933 2300 duceretur.
963 2240 1056 2301 Justis
1076 2241 1176 2318 itaque
1196 2244 1233 2298 e'r

135 2328 399 2407 Amphictyonibus
411 2331 546 2390 collectis
567 2332 670 2411 copiis,
685 2332 819 2392 homines
832 2331 898 2394 illos
917 2332 946 2392 in
960 2331 1128 2393 servitutem
1147 2330 1232 2390 rede

92 2486 96 2492 ¹
135 2429 250 2496 gerunt,
264 2430 365 2494 portus
386 2422 605 2494 obstruxerunt,
627 2426 728 2483 urbem
748 2423 881 2483 funditus
902 2423 1064 2494 diruerunt,
1084 2422 1233 2500 regionem

127 2525 252 2590 ‚omnem
272 2526 309 2586 0¹.
331 2508 451 2567 oraculo
464 2522 693 2577 consecrarunt;
716 2515 788 2586 quin
804 2523 836 2572 et
849 2515 1065 2590 religiosissimo
1084 2531 1116 2572 sc
1136 2531 1234 2574 sacra·
1329 2575 1332 2584 ,

61 2655 69 2670 ,
133 2608 236 2662 mento
256 2596 459 2669 devinxerunt,
481 2616 578 2676 neque
605 2617 638 2658 se
662 2611 770 2658 terram
792 2619 906 2660 sacram
926 2605 1058 2662 culturos
1079 2619 1174 2680 neque
1195 2604 1232 2662 ab

133 2692 199 2752 aliis
212 2690 269 2750 coli
281 2707 428 2769 passuros,
441 2689 494 2750 sed
507 2707 594 2768 opem
604 2689 661 2749 deo
669 2699 812 2766 terraeque
823 2709 926 2764 sacrm,
934 2693 1079 2760 manibus,
1094 2693 1232 2770 pedibus,

133 2784 215 2844 omui
228 2783 330 2842 virium
344 2780 530 2842 contentione
543 2779 718 2860 perlaturos.
750 2781 858 2860 Neque
877 2801 946 2842 vero
965 2781 1036 2842 salis
1056 2782 1233 2854 habuerunt,

130 2870 339 2955 jusjurandum
351 2875 408 2935 hoc
419 2874 562 2947 sanxisse,
571 2871 625 2934 sed
636 2871 822 2932 devotionem
832 2874 951 2952 iusuper
962 2884 993 2934 et
1000 2873 1232 2934 'exsecrationem

135 2968 260 3028 validum
288 2959 481 3046 adjecerunt.'
502 2967 549 3028 lta
567 2964 695 3026 enimin
715 2965 918 3026 exsecratione
945 2967 1169 3044 scriptumest:
1198 2966 1234 3025 si

136 3062 219 3141 quis
255 3059 349 3137 inquit
393 3058 471 3120 hec
512 3057 721 3145 violaverit,
756 3057 834 3117 sive
872 3057 1009 3118 civitas
1039 3058 1118 3118 sive
1152 3060 1232 3136 quis

135 3153 319 3232 privatus,
358 3151 439 3210 sive
465 3149 576 3221 natio,
612 3158 722 3228 caput
752 3149 829 3228 ejus
864 3148 1056 3228 Apollini,
1082 3149 1234 3219 Dianae,

137 3245 308 3312 Latonae,
338 3242 528 3303 Minervae
555 3241 802 3302 Providenti
829 3241 1017 3300 devotum
1044 3253 1152 3302 esto:
1179 3243 1232 3300 iht-

135 3347 276 3415 precatur
290 3332 327 3392 iis
341 3352 437 3411 porro,
459 3343 493 3392 ut
505 3353 598 3411 neque
613 3334 686 3411 ipsis
700 3343 779 3392 terra
795 3332 922 3392 fructum
944 3332 1028 3405 serat,
1047 3352 1150 3412 neque.
1159 3343 1234 3394 con-

127 3429 220 3508 juges
235 3444 336 3484 eorum
349 3423 461 3484 liberos
476 3425 647 3504 pareatibus
660 3424 771 3484 similes
784 3423 836 3482 sed
850 3433 984 3502 portenta
1005 3425 1161 3496 enitantur,
1182 3433 1234 3485 n'e·

136 3539 193 3598 que
208 3517 338 3596 pecudes
362 3516 732 3584 nemorumnemorum
753 3525 818 3574 ute
838 3517 925 3586 bello,
948 3535 964 3574 e
980 3517 1110 3597 judiciis,
1130 3537 1147 3576 e
1170 3518 1233 3576 foro

135 3612 207 3671 victi
221 3609 389 3686 discedant,
404 3619 435 3668 et
448 3609 645 3668 internecione
659 3607 813 3668 deleantur
823 3617 853 3666 et
867 3608 923 3687 ipsi
941 3619 969 3668 et
984 3607 1069 3668 sedes
1090 3619 1121 3668 et
1139 3627 1234 3686 genus

126 3704 285 3782 ipsorum
320 3721 416 3779 neque
444 3719 621 3778 unquam
654 3701 749 3777 inquit
783 3699 955 3778 Apollini
989 3708 1057 3760 aut
1094 3700 1233 3760 Dianoe

127 3805 206 3866 ,aut
232 3795 397 3853 Latona
424 3803 494 3852 aut
523 3791 715 3851 Minerva
743 3789 988 3850 Providenti
1022 3803 1164 3851 sancte
1191 3793 1232 3850 li·
1337 3841 1342 3850 .

136 3890 270 3959 bento,
307 3905 437 3964 neque
468 3885 698 3944 numinibus
730 3883 820 3942 illis
854 3903 984 3942 eorum
1020 3903 1137 3944 sacra
1172 3903 1233 3945 ac·

136 3988 252 4056 cepta
278 3989 399 4038 sunto.
436 3980 533 4057 Atque
554 3988 588 4037 ut
606 3977 672 4037 haec
686 3995 754 4038 vera
773 3975 870 4037 dicere
893 3997 940 4038 me
955 3988 1063 4055 pateat,
1077 3979 1165 4039 recita
1184 3979 1232 4039 dei

136 4069 300 4143 oraculum.
343 4071 452 4132 Audite
463 4069 706 4142 exsecrationem,
715 4067 916 4148 jurisjurandi,
931 4070 1010 4146 quod
1028 4089 1096 4128 cum
1118 4069 1232 4132 coeteris

137 4162 406 4243 Amphictyouibus
420 4166 547 4242 majores
560 4163 649 4226 vestri
657 4163 840 4242 juraverunt,
854 4162 1020 4224 memoriam
1039 4161 1169 4244 repetite.
1185 4173 1188 4182 '
1264 4171 1268 4186 ¹
