2967 5017
273 330 333 393 cat
635 331 677 390 IN
699 327 999 390 artedunum-1.

604 572 893 638 CONTRSTATIO
904 570 1035 634 ‚nme

305 689 460 752 aprum
473 674 852 742 cannamomum
862 685 1374 753 mentemmentdm·

273 782 321 814 sens
333 767 386 816 aui
394 769 529 828 testimonii,
540 770 626 818 ιιιΙοιι
635 770 755 820 talentum.
787 771 883 819 Falsum
898 769 922 816 in
934 784 972 816 me
983 766 1140 816 resumts·
1152 763 1216 814 dixit
1224 765 1373 827 Stephanus,

272 843 378 892 dicendis
385 843 416 893 iis
425 861 476 908 quur
485 846 508 894 in
516 847 595 896 asbus
609 847 696 910 scripta
708 854 874 896 sunt-rernm
884 845 936 894 disi
946 843 1111 902 testimoninm,
1121 841 1229 892 dicendis
1238 841 1269 890 iis
1276 855 1337 904 qaas
1344 840 1372 886 ἰι

271 919 446 986 tahnlssoriptn
456 931 519 972 sunt.

274 1031 348 1094 Haec
361 1033 403 1094 ita
415 1035 477 1115 ipse
489 1034 645 1114 rescripsit,
660 1055 726 1116 que
735 1053 791 1096 ros
804 1034 970 1096 meminisse
983 1031 1106 1105 dehetis,
1119 1049 1215 1111 neque
1227 1027 1303 1110 plna
1313 1028 1372 1088 ha·

272 1125 343 1187 berc
357 1125 425 1188 fidei
438 1128 631 1190 fraudulentis
650 1128 734 1189 istius
747 1128 843 1188 veihis
856 1147 923 1207 que
936 1145 1017 1186 nunc
1028 1123 1124 1199 affert,
1140 1141 1228 1203 quam
1249 1121 1373 1200 legibus

272 1229 303 1278 et
315 1217 350 1278 iis
363 1237 432 1299 qum
444 1220 507 1300 ipsc
520 1221 622 1282 inlitis
636 1221 852 1282 contestatione
864 1219 971 1301 posuit.

316 1313 364 1372 14.
377 1312 474 1373 Audio
483 1331 570 1392 porro
583 1331 645 1386 cos,
657 1313 742 1374 deiis
752 1313 840 1372 etiam
848 1313 937 1372 rebus
946 1312 985 1371 oh
994 1328 1070 1390 quas
1078 1310 1117 1370 ab
1128 1306 1210 1369 initio
1221 1303 1374 1374 actionem

273 1401 395 1478 institui,
408 1404 538 1466 diomros
552 1413 584 1466 et
595 1404 810 1477 criminaturus,
822 1403 998 1464 calumniam
1007 1421 1073 1464 eam
1085 1399 1186 1460 tuisse.
1214 1397 1375 1478 Eporero,

273 1513 333 1574 quo
346 1507 435 1577 pacto
448 1497 622 1558 locationem
633 1497 827 1570 concinnant,
843 1504 878 1556 ut
888 1506 996 1556 sortem
1007 1513 1118 1554 mensae
1133 1491 1289 1564 obtineret,
1307 1488 1374 1549 disi

276 1595 308 1664 et
320 1588 455 1650 recensui
468 1589 569 1651 robis:
588 1588 630 1650 de
643 1591 760 1652 ceteris
772 1607 842 1651 vero
855 1608 915 1649 non
928 1597 1033 1668 potero
1044 1583 1132 1646 simul
1144 1585 1241 1644 dicere
1254 1592 1286 1644 et
1300 1581 1374 1642 isto·

274 1697 339 1741 rum
365 1683 539 1745 convincere
564 1682 772 1757 testimonium,
797 1701 892 1763 neque
915 1682 992 1743 enim
1013 1700 1097 1760 aqure
1118 1678 1189 1740 mihi
1217 1676 1292 1739 satis
1315 1686 1377 1737 est.

274 1773 373 1852 Atque
393 1775 468 1837 adeo
484 1795 523 1837 ne
536 1795 588 1838 voa
607 1775 727 1858 quidem
746 1795 798 1840 eos
818 1775 877 1837 illis
899 1775 936 1837 de
959 1776 1044 1837 rebus
1063 1781 1184 1852 egentes
1197 1771 1265 1851 jure
1286 1767 1375 1830 audi-

274 1873 367 1936 turos,
381 1866 450 1930 inde
463 1867 573 1942 scietis,
584 1869 609 1930 si
623 1869 789 1948 cogitabitis
798 1869 959 1939 vobiscum,
972 1885 1066 1943 neque
1077 1883 1158 1923 nunc
1172 1860 1293 1921 difficile
1303 1879 1377 1922 esse

274 1955 431 2036 dequibus
450 1979 509 2018 nun
526 1969 681 2025 accusatus
695 1959 734 2017 sit
745 1958 836 2017 verba
846 1959 956 2026 facere,
969 1974 1080 2034 neque,
1089 1953 1172 2012 salsis
1193 1951 1377 2012 testimoniis

272 2049 413 2118 recitatis,
426 2048 558 2110 absolvi:
579 2058 714 2108 neutrum
728 2057 827 2108 autem
840 2047 942 2107 horum
955 2066 1020 2108 esse
1029 2046 1143 2126 justum
1153 2042 1314 2126 quisquam
1330 2043 1377 2104 di·

274 2137 361 2210 xerit,
374 2137 427 2197 sed
438 2137 468 2196 id
482 2138 588 2216 potina,
603 2137 684 2216 quod
697 2157 755 2217 ego
767 2158 848 2199 nnnc
860 2139 986 2218 postulo.
1028 2137 1121 2216 quue
1134 2136 1233 2196 audite
1251 2143 1284 2195 et
1297 2153 1374 2197 cco·

273 2228 409 2290 siderate.
450 2229 516 2309 Ego
538 2238 617 2310 peto,
637 2246 705 2307 quaa
719 2229 791 2287 mihi
810 2240 982 2308 argumenta
999 2231 1178 2310 eripuerunt,
1197 2248 1258 2308 quo
1269 2229 1374 2290 minum

274 2321 313 2382 ad
335 2321 488 2404 probanda
510 2321 632 2382 crimina
654 2319 713 2380 dici
730 2329 864 2399 possent,
877 2339 914 2378 ea
937 2341 1017 2380 nunc
1030 2323 1072 2380 uti
1092 2331 1295 2402 nequaercntt
1316 2323 1372 2383 sed

274 2414 381 2494 quibus
400 2411 573 2473 testimoniis
595 2411 774 2492 eripuerunt,
788 2431 825 2472 ee
845 2411 1014 2501 testimonie
1035 2412 1078 2472 uti
1091 2407 1168 2474 verax
1182 2433 1251 2474 esse
1268 2423 1372 2474 osten·

274 2504 357 2566 dant.
399 2503 487 2573 Quod
509 2503 544 2577 si,
558 2523 626 2564 cum
647 2523 769 2566 causum
788 2523 888 2584 egero,
906 2505 1075 2566 testimonia
1094 2515 1128 2567 ut
1145 2521 1304 2586 coarguam
1318 2525 1372 2586 pe

275 2605 350 2663 tent,
362 2615 398 2656 ee
420 2614 491 2657 vero
513 2615 604 2676 quum
626 2616 796 2677 persequor,
811 2597 848 2657 de
862 2595 1030 2658 criminibus
1050 2599 1088 2658 ab
1111 2596 1192 2657 initio
1213 2597 1373 2677 propositis

275 2689 373 2750 dicere
386 2709 432 2750 me
443 2691 600 2768 jubebunt,
614 2709 708 2770 neque
717 2691 799 2771 justa
812 2709 908 2770 neque
921 2691 1003 2751 robis
1015 2689 1098 2750 utilia
1106 2689 1216 2751 dicent
1241 2691 1370 2774 ιΙιιιιιιίι

276 2781 354 2843 enim
365 2801 419 2844 ros
433 2782 468 2843 iis
483 2782 520 2844 de
533 2783 621 2845 rebus
633 2783 887 2865 pronunciaturos,
900 2802 961 2842 uon
972 2801 1058 2862 quas*
1070 2800 1138 2842 reus
1158 2780 1300 2862 postulet,
1315 2782 1371 2844 sed

276 2877 370 2940 decis
389 2897 456 2958 qute
474 2875 504 2938 in
521 2879 637 2940 actione
654 2878 875 2940 contineantur:
901 2893 966 2935 eam
987 2894 1057 2936 vero
1077 2894 1199 2936 neeesse
1216 2884 1264 2936 est
1281 2895 1370 2938 accu-

276 2972 533 3034 satoriscmtione
538 2971 685 3052 explicari,
700 2988 759 3050 qua
773 2986 830 3048 ego
848 2967 934 3027 istum
951 2967 1018 3028 salsi
1031 2967 1188 3028 testimonii
1199 2987 1282 3028 reum
1300 2967 1370 3030 reci.

277 3063 346 3124 Ne
338 3065 437 3149 igitur
437 3064 494 3125 hoc
507 3064 614 3124 omisso
628 3080 663 3122 ea
678 3060 768 3133 dicat,
781 3059 820 3118 de
839 3059 943 3140 quibus
960 3077 1021 3120 non
1038 3061 1073 3121 fit
1084 3059 1250 3141 judicium.
1269 3078 1370 3143 nequo
1459 3106 1460 3109 ,

277 3174 330 3216 vos
343 3155 511 3234 permittite,
525 3173 550 3214 ιι
541 3152 659 3214 forte'
650 3161 708 3213 aste
720 3151 848 3213 frontem
859 3152 1049 3233 perfricnerit.

321 3249 369 3308 16.
388 3247 520 3307 Arbitror
532 3255 630 3306 nutem
643 3263 722 3321 eum,
730 3246 810 3306 omni
818 3246 902 3326 justa
911 3246 1080 3308 defensione
1089 3247 1273 3322 destimusm,
1282 3249 1373 3309 eh'sm

278 3338 317 3399 ad
329 3338 389 3400 hoc
401 3347 565 3412 venturum,
579 3337 705 3400 absurde
718 3358 767 3399 me
780 3339 888 3413 facere,
898 3337 1069 3419 exceptione
1081 3340 1203 3414 riemm,
1215 3341 1267 3420 qui
1279 3348 1375 3402 testu·¹
1416 3331 1420 3340 ’

278 3431 370 3492 menti
383 3441 475 3493 testes
488 3451 663 3512 persequar·
683 3431 762 3514 quod
778 3431 854 3492 illius
868 3431 1006 3514 temporis
1015 3432 1133 3513 judices
1146 3433 1239 3513 magis
1250 3442 1370 3514 propter

277 3523 482 3584 transactionis
482 3543 594 3603 ,quam
612 3533 754 3605 propter
739 3525 909 3586 testamenta
926 3535 1029 3598 testes,
1044 3525 1250 3586 Phormionem
1271 3525 1370 3586 ahsol-

277 3615 381 3680 rerint.
423 3617 488 3708 Ego
509 3635 590 3690 vero,
608 3617 814 3704 Athenienses,
834 3617 907 3678 scire
926 3637 1028 3679 omnes
1049 3636 1103 3680 vos
1117 3617 1264 3691 existimo,
1275 3619 1370 3679 solem

277 3729 330 3771 vos
343 3728 404 3770 rem
420 3717 533 3789 gestem
550 3727 612 3770 non
632 3709 728 3770 minus
741 3720 887 3816 spectare,
900 3729 987 3790 quam
1000 3721 1120 3793 propter
1132 3729 1197 3772 eam
1210 3711 1305 3791 saetas
1317 3727 1369 3770 ex·
1457 3746 1458 3755 κ

277 3802 437 3884 ceptiones.
479 3801 528 3890 De
546 3803 633 3864 rebus
653 3802 742 3886 igitur
754 3801 827 3882 ipsis
839 3803 888 3864 isti
902 3804 1000 3866 falso
992 3823 1023 3864 m
1035 3824 1084 3865 sne
1092 3804 1265 3874 memorio
1277 3804 1367 3873 dicto,

278 3915 346 3958 mea
366 3895 404 3956 de
424 3893 538 3958 actione
550 3896 641 3957 verba
661 3895 777 3956 infirma
797 3895 998 3958 reddiderunt.
1047 3898 1109 3959 Sed
1129 3897 1177 3959 his
1198 3898 1313 3959 omissis
1325 3896 1369 3955 in·
1456 3956 1457 3971 ,

278 3998 380 4067 eptum
404 3998 541 4060 ect,cum
564 4007 665 4048 omnes
685 4007 742 4068 pro
764 3988 930 4052 testimonio
952 3990 1064 4052 mentiti
1087 3992 1156 4065 sint,
1178 3990 1244 4072 quia
1268 4007 1370 4052 eorum
1456 3996 1457 4075 i

278 4078 405 4140 maxime
419 4081 561 4153 nocuerit,
575 4080 740 4142 declarare·
761 4092 792 4142 et
803 4102 862 4143 non
875 4082 972 4163 potius
987 4083 1120 4165 singulos
1132 4103 1165 4145 se
1179 4103 1248 4144 vera
1258 4083 1369 4143 dixisse

278 4171 445 4232 ostendere.
486 4172 591 4254 Neque
613 4173 700 4246 enim,
723 4171 749 4233 si
771 4173 860 4234 alium
883 4174 1027 4238 atrociora
1045 4176 1225 4239 commisisse
1247 4177 1369 4238 demon·
1455 4194 1456 4205 ¹

280 4261 387 4336 strarit,
402 4283 470 4324 eum
484 4265 596 4328 absolvi
609 4265 713 4328 decet:
734 4266 826 4326 sed
803 4287 829 4326 ιι
841 4267 904 4347 ipse
916 4287 985 4330 uera
998 4289 1032 4330 se
1045 4269 1155 4332 dixisse
1168 4269 1332 4337 declararit

322 4355 369 4415 16.
391 4353 514 4436 Propter
524 4359 623 4436 quod
616 4358 714 4440 agitur,
728 4357 922 4421 Athenienses
924 4361 1112 4441 ,Stephanus
1124 4361 1214 4423 exitio
1226 4363 1257 4422 in
1269 4358 1367 4443 primis

278 4447 386 4528 dignus
399 4458 458 4523 est,
471 4447 500 4510 id
518 4467 556 4510 ex
570 4469 617 4512 me
636 4451 747 4514 audite.
789 4450 924 4535 Iniquum
944 4463 991 4516 eat
990 4453 1175 4536 ,opprimere
1194 4467 1366 4537 quemquam
