2967 5017
269 319 329 380 ott
545 317 764 381 ADVERSUS
785 315 1084 380 luctatorum.

269 474 388 536 Solonis
401 475 450 536 lex
458 476 562 554 jubent
574 493 674 536 mures
687 483 718 536 et
736 474 895 536 omonbcr
913 483 1080 553 procreator
1094 471 1221 553 potiores
1240 470 1361 536 liuberit

267 567 324 628 istc
337 568 411 629 odeo
426 569 560 648 expedite
574 578 604 628 et
618 570 698 649 leges
711 577 743 630 et
756 566 907 646 llogniom
920 566 1104 646 contempsit,
1116 577 1151 626 ut
1163 565 1256 626 filium
1275 587 1361 628 unm

268 661 299 720 in
313 670 472 720 maternam
485 660 624 722 familiam
638 661 838 742 adoptandum
856 659 980 720 dederit.
1021 660 1080 728 Qui
1097 659 1158 718 lieri
1181 659 1361 739 possintho·

266 752 360 812 mines
373 751 435 812 istis
450 753 617 833 iniquiores,
630 765 681 814 out
694 752 901 817 violentioreol

310 843 358 904 19.
380 843 483 924 Neque
496 866 564 908 vcro
581 846 641 907 hoo
654 847 750 908 solum
764 845 982 915 commiserunt,
999 843 1133 915 ludices,
1150 842 1204 903 red
1218 862 1287 912 cum
1300 844 1362 906 Bu·

265 935 369 996 solidor
382 957 483 999 omnes
503 958 656 1000 commune
674 947 894 1000 monumentum
908 935 1175 1014 habeant-idque
1187 955 1363 999 monumen·

264 1035 328 1088 tum
352 1027 555 1089 Busclidnrum
577 1030 753 1102 nominetur,
770 1027 901 1108 emplum
923 1025 1049 1106 spetlum
1067 1027 1305 1106 circumseptum,
1327 1039 1363 1090 ut

264 1119 376 1199 antiqui
389 1121 573 1194 solebant-‚
586 1121 617 1181 in
631 1142 668 1182 eo
682 1129 882 1190 monumento,
894 1118 994 1180 coeteri
1011 1137 1115 1180 omnes
1132 1120 1188 1179 orti
1210 1137 1229 1178 e
1250 1119 1362 1180 anelo

263 1211 314 1272 siti
326 1221 406 1285 sunt,
421 1213 566 1293 Hoguios,
580 1213 757 1284 Eubulidcs,
772 1213 904 1284 Polemo,
914 1223 945 1272 et
957 1211 1062 1292 reliqui
1075 1231 1176 1274 omnes
1190 1221 1273 1272 tuoto
1285 1211 1363 1272 mul·

262 1303 370 1378 titudo,
383 1305 511 1366 universi
523 1307 651 1387 denique
672 1308 728 1367 orti
749 1326 768 1367 o
788 1304 901 1367 Buselo
918 1305 949 1366 id
966 1315 1188 1366 monumentum
1204 1324 1362 1368 commuue

262 1395 383 1458 liabent.
425 1399 584 1460 Mocertoti
597 1409 694 1462 autem
713 1407 799 1478 poter
817 1398 1008 1478 ejusdemque
1022 1418 1094 1459 evus
1113 1416 1152 1458 eo
1171 1407 1362 1460 monumento

263 1490 310 1550 usi
323 1511 383 1551 noo
398 1502 476 1564 sunt,
492 1493 546 1553 sed
560 1492 615 1573 ipsi
628 1492 762 1572 privatim
775 1491 831 1552 sini
843 1501 1066 1552 mouumentum
1077 1490 1211 1552 lecerunt
1222 1491 1326 1571 procul
1341 1511 1362 1554 s

262 1580 471 1644 Bosolidarum
485 1595 684 1646 monumento.
708 1583 791 1644 Num
802 1583 937 1646 ridentur
948 1583 1043 1655 robis,
1058 1583 1190 1657 Judices,
1203 1584 1359 1663 quicquum

262 1673 301 1734 ed
317 1675 441 1754 Hagniee
455 1677 594 1738 familiam
608 1676 745 1748 attinere,
764 1676 821 1736 nisi
834 1686 981 1755 quatenus
995 1695 1031 1737 eu
1044 1695 1112 1755 quos
1130 1675 1201 1736 nilsil
1222 1676 1261 1737 od
1278 1677 1360 1755 ipsos
1472 1716 1474 1733 .

261 1767 388 1828 attinent
408 1780 511 1848 erepto
532 1770 734 1850 occupsruntl
756 1769 817 1831 Sed
839 1779 936 1830 utrum
955 1771 1081 1830 interest
1099 1768 1360 1848 llogoioefomilis,

249 1867 294 1919 -et
318 1859 473 1922 Eubulide
492 1861 618 1942 Hsgnire
635 1863 788 1944 puuuelis,
804 1882 906 1922 eorum
923 1862 1009 1922 etiem
1030 1860 1148 1920 nomine
1160 1860 1281 1934 abolito,
1295 1861 1360 1941 ejus

261 1952 303 2012 rei
313 1971 384 2013 curu
397 1973 452 2016 neo
466 1953 585 2014 minima
597 1955 655 2014 illis
669 1973 798 2033 unquum
811 1955 875 2014 tuit.

303 2045 353 2103 20.
375 2045 443 2125 Ego
466 2056 575 2118 eutem,
595 2045 728 2117 Judicor,
747 2042 876 2123 opitulor
901 2041 1046 2120 equidem,
1071 2051 1213 2120 quantum
1235 2057 1362 2120 possum

260 2134 398 2209 maxime,
413 2135 560 2197 defunctis
573 2135 629 2196 illis
642 2155 651 2196 r
673 2135 801 2196 sednon
819 2132 940 2194 omnino
960 2133 1046 2194 focile
1059 2143 1105 2194 est
1113 2131 1199 2193 istius
1212 2136 1361 2213 appui-od·

260 2225 318 2286 bus
331 2227 488 2290 adversari.
505 2227 611 2290 ·Trudo
621 2227 718 2308 igitur,
732 2227 865 2301 ludices,
877 2226 960 2288 vobis
972 2225 1053 2286 hunc
1064 2243 1189 2307 puerum
1197 2227 1240 2286 ite
1250 2246 1361 2288 comn—

261 2315 343 2389 dum,
354 2330 388 2379 ut
399 2322 483 2382 vobis
497 2321 694 2400 roquissimum
707 2320 863 2381 videbitur.
887 2319 1110 2400 Hioodoptotus
1122 2318 1207 2379 estin
1217 2318 1360 2380 familiam

261 2411 427 2485 Eubulidae,
448 2424 478 2475 et
502 2414 686 2474 introductus
710 2414 748 2475 ad
772 2413 897 2476 curiales
919 2432 981 2473 non
1002 2433 1092 2485 meos,
1113 2413 1166 2472 sed
1189 2414 1356 2486 Eubulidas,

261 2505 398 2586 Hagniae,
424 2517 455 2568 et
478 2507 643 2569 Macurteti.
686 2507 736 2578 Et,
762 2526 831 2567 cum
854 2507 1099 2578 introduceretur,
1113 2505 1213 2566 coeteri
1233 2506 1357 2568 coriolos

258 2599 335 2660 olom
358 2596 498 2680 suffragio
518 2601 670 2662 ferebant:
693 2599 875 2659 Meeortntur
898 2608 996 2658 nutem
1016 2607 1117 2679 aperto
1139 2597 1279 2677 suffragio
1304 2598 1357 2660 de·

258 2695 397 2754 cernebat
408 2703 489 2753 recte
502 2691 651 2751 introduci
663 2690 756 2751 filium
768 2688 926 2750 Eubulide
939 2709 1062 2771 puerum
1075 2690 1166 2761 hunc,
1184 2708 1251 2749 cum
1271 2689 1356 2750 ricti-

257 2802 336 2845 mom
348 2795 470 2862 tangere
484 2783 586 2857 nollet‘,
601 2792 653 2844 out
672 2783 709 2844 ub
732 2801 783 2845 om
802 2783 949 2844 obducere
971 2803 1062 2862 seque
1079 2781 1239 2844 reddendo
1250 2783 1356 2846 radoni

256 2879 381 2941 reddere
393 2876 563 2951 obnoxium,
578 2877 632 2939 red
646 2887 676 2938 ot
689 2886 775 2958 perte
788 2876 917 2936 ooroium
932 2895 951 2934 o
962 2894 1053 2953 puero
1065 2875 1123 2936 hoc
1136 2884 1268 2955 eccepto,
1277 2886 1358 2939 utet

257 2969 308 3032 slii
321 2971 457 3046 curiales,
471 2972 552 3033 obiit.
594 2969 766 3030 Existimote
789 2967 886 3046 igitur,
907 2966 1039 3038 ludices,
1053 2985 1176 3046 pnemm
1192 2969 1272 3029 hunc
1285 2980 1355 3030 eote

256 3083 311 3124 uos
320 3065 419 3143 jecere
433 3065 595 3143 supplicem
608 3081 661 3140 pro
675 3059 822 3120 defunctis
841 3058 959 3138 Hognie
974 3068 1005 3118 et
1022 3059 1168 3122 Eubulide
1188 3071 1218 3122 ct
1240 3063 1356 3124 certeris

258 3155 297 3214 ob
312 3155 432 3232 Hsgnio
452 3153 592 3223 oriundis,
606 3160 694 3230 etque
708 3151 775 3212 illos
787 3151 867 3230 ipsos
881 3152 965 3212 vobio
978 3151 1155 3233 supplicare,
1167 3154 1302 3228 ludices,
1314 3177 1355 3218 ne

256 3263 314 3306 suo
326 3245 435 3306 familie
448 3247 649 3324 exstinguetur
661 3246 699 3305 eb
712 3243 886 3307 immunibus
897 3246 961 3306 istis
975 3245 1092 3319 belluis,
1103 3265 1171 3326 queo
1182 3265 1250 3308 oum
1261 3249 1322 3310 rint
1335 3271 1355 3312 e

255 3336 535 3412 Stratiouolemilis,
558 3357 595 3398 ex
613 3337 773 3419 stagnans
792 3339 1095 3419 lueruntnnnquom:
1115 3359 1210 3420 neque
1231 3341 1353 3420 permit·
1472 3412 1474 3418 ,

255 3429 327 3492 tutis
339 3429 404 3492 istis
417 3440 516 3492 tenero
530 3431 634 3506 aliene,
648 3431 701 3492 sed
715 3451 753 3492 eu
767 3431 921 3500 restituere
931 3433 1046 3512 cogetis
1060 3433 1091 3492 io
1105 3433 1293 3513 Hognisnom
1307 3436 1354 3495 le·

256 3521 365 3586 milium
379 3523 512 3604 cognatis
533 3523 673 3604 Hagnioe.
716 3525 781 3605 Ego
794 3523 882 3606 igitur
897 3538 927 3584 et
940 3524 997 3584 illis
1010 3524 1136 3605 opitulor
1148 3524 1308 3598 defunctis,
1321 3537 1355 3588 et

254 3613 369 3698 legibiu
382 3615 464 3678 hisce
476 3617 514 3678 de
533 3617 620 3678 robus
641 3617 720 3678 latis.
761 3617 824 3678 Vos
838 3627 937 3679 eutem
949 3637 1012 3693 oro,
1030 3617 1163 3690 ludices,
1178 3621 1310 3692 obsecro,
1320 3630 1354 3682 et

253 3713 397 3793 obtestor,
409 3732 448 3774 ne
460 3711 508 3774 vel
523 3731 613 3793 puero
626 3713 696 3773 huic
709 3711 844 3774 insultori
857 3713 1008 3794 potiemini
1019 3714 1057 3775 ob
1070 3713 1146 3787 istis,
1158 3714 1206 3776 rel
1225 3713 1352 3793 majores

254 3805 319 3886 ejus
333 3805 427 3888 magis
440 3807 527 3868 etium
541 3805 663 3886 despici,
676 3807 727 3887 qui
741 3827 820 3868 nunc
838 3808 998 3888 contempti
1010 3820 1107 3880 eruut,
1118 3809 1145 3870 ri
1155 3808 1203 3869 isti
1217 3809 1352 3871 obtinue-

254 3898 313 3960 rint
325 3920 393 3980 qum
406 3900 528 3968 rolnnt;
550 3900 603 3960 sed
617 3897 700 3979 leges
713 3899 845 3974 tuemini,
856 3911 889 3986 et
901 3901 1059 3963 defunctos
1072 3913 1183 3975 ornate,
1197 3921 1236 3963 ue
1249 3919 1351 3962 eorum

254 3991 365 4054 familis
383 3993 602 4074 exstinguatur:
625 4013 702 4074 quie,
726 3993 751 4054 si
772 3993 908 4069 feceritis,
921 4004 953 4056 et
969 4015 1037 4075 quse
1052 4016 1139 4079 equo
1154 4005 1236 4072 suut,
1247 4005 1279 4058 et
1297 4013 1351 4076 pro

254 4095 352 4148 vestre
363 4087 433 4162 fide,
445 4097 477 4150 et
489 4085 571 4150 vobio
585 4087 657 4170 ipsis
670 4087 753 4150 utilio
765 4088 938 4151 decernetis.
