2967 5017
263 327 301 386 ιι
326 396 336 414 ,
555 325 726 436 course
746 327 1024 394 ιιιιιιιιιιιιιιιι.Ι

254 481 391 544 niseum
398 481 573 542 inuentus
583 483 684 562 flagris
693 482 876 554 ceciderunt,
891 485 1051 563 idqtretsm
1064 485 1155 565 longe
1165 491 1312 566 tempore,
1326 495 1367 548 ut

260 575 346 634 sicini
358 575 447 647 etism
463 575 624 634 clamorem
642 576 825 636 exaudirent.
848 575 994 636 Postridie
1014 575 1175 648 Pittslscus
1195 578 1226 637 id
1243 579 1364 639 iscium

260 668 460 748 indignissime
472 669 584 740 ferens,
594 668 691 729 nudus
704 670 735 728 in
754 669 850 728 forum
864 669 953 742 venit,
965 678 997 729 et
1009 669 1038 728 in
1053 689 1104 729 are
1122 671 1222 730 metris
1237 670 1361 731 deorsus

259 763 361 825 sedet:
383 781 451 821 cnm
464 771 572 834 sutem,
586 773 620 821 ut
639 763 682 832 fir,
696 761 947 823 turbehominum
967 763 1173 834 concurrisset,
1192 773 1360 824 metuentes
1473 835 1474 850 χ

261 851 455 932 Hegesender
468 860 499 911 et
512 853 696 924 limurchus,
710 872 749 914 ne
759 871 813 913 sus
825 852 991 932 petulantie
1002 871 1055 932 per
1067 863 1161 914 tntum
1175 857 1277 915 urbem
1289 875 1362 935 pro-

261 944 615 1016 demamus-instabas
628 955 727 1006 sutem
739 945 893 1016 concio,-
903 953 933 1004 et
945 946 1001 1024 ipsi
1009 956 1040 1004 et
1051 946 1228 1006 colluserunt
1238 947 1361 1026 quidem

262 1037 473 1099 accurrunt-ud
490 1055 584 1113 crem,
598 1056 635 1098 sc
648 1037 895 1098 circumsistentes
907 1049 994 1098 orent
1007 1037 1184 1098 Pittelscum
1198 1049 1231 1098 ut
1243 1050 1359 1117 surget,

173 1184 179 1190 .
261 1151 330 1192 cum
341 1130 481 1200 dicerent,
488 1139 581 1188 totum
591 1147 651 1188 rem
662 1147 715 1208 per
724 1130 895 1190 ebrietstem
905 1129 1012 1188 motem
1022 1147 1031 1188 t
1044 1147 1111 1189 esse
1125 1139 1213 1208 etque
1224 1129 1281 1189 iste
1289 1149 1359 1208 pro·

260 1225 341 1284 fecto
354 1221 486 1281 nondum
498 1221 580 1280 hirco
593 1231 625 1280 et
634 1241 740 1301 aspero
755 1219 849 1290 vulto,
862 1232 896 1280 ut
916 1240 1003 1294 nunc,
1018 1221 1071 1282 sed
1088 1221 1185 1280 adhuc
1199 1220 1288 1290 utilis,
1303 1221 1358 1280 ho-

260 1315 371 1375 minem
383 1313 474 1373 burhs
492 1313 659 1393 prehendit,
673 1323 704 1372 et
715 1311 793 1372 illius
810 1311 950 1372 arbitratu
965 1332 997 1372 se
1018 1313 1114 1372 omnis
1131 1312 1275 1372 iscbsrum
1288 1333 1358 1390 pro-

260 1405 365 1474 mittit;
387 1405 506 1465 taudem
518 1405 699 1486 persuedent
711 1405 832 1474 homini,
847 1414 881 1464 ut
894 1407 931 1463 oh
945 1423 997 1464 ers
1010 1414 1122 1483 surget,
1136 1413 1170 1464 ut
1183 1406 1230 1464 cui
1243 1405 1357 1484 aliquid

260 1501 339 1580 mqui
348 1507 489 1580 prestere
501 1496 619 1556 vellent
652 1495 696 1556 Ut
715 1505 814 1556 sutem
829 1514 846 1555 e
860 1495 924 1556 loro
938 1495 1122 1566 discesserat,
1137 1515 1197 1556 non
1206 1497 1270 1576 jem
1288 1517 1355 1557 eum

259 1594 413 1655 curebsnt.
434 1587 532 1648 Homo
541 1587 629 1666 igitur
637 1588 771 1666 injuriam
785 1605 885 1648 eorum
897 1587 1023 1666 graviter
1034 1586 1141 1661 ferens,
1151 1588 1228 1648 diem
1239 1590 1357 1668 utrique

260 1685 342 1746 dicit.
369 1681 457 1751 Quod
470 1691 568 1740 eutem
582 1680 611 1739 iu
628 1680 679 1760 jus
692 1678 966 1740 vocasset-videte
986 1697 1125 1758 megnum
1143 1681 1232 1740 robur
1254 1681 1355 1760 Hege-

258 1773 545 1840 ssndri-hominem
566 1791 662 1853 equo
675 1773 758 1832 nulle
777 1763 910 1834 sibicrts
921 1771 1019 1832 fueret
1031 1771 1145 1852 injuris,
1162 1771 1221 1832 imo
1242 1783 1355 1847 coutrs,

259 1888 346 1949 quem
361 1865 424 1945 ipse
435 1865 541 1943 injuris
549 1865 676 1936 loeserst,
686 1883 811 1943 eumque
820 1881 880 1923 non
891 1863 928 1922 sd
938 1882 970 1923 se
981 1863 1162 1936 attinentem,
1174 1862 1228 1922 sed
1238 1883 1355 1924 serrum

258 1960 408 2042 publicum
416 1957 550 2030 civitatis,
559 1957 719 2017 abduxitin
728 1957 906 2026 servitutem,
919 1973 1003 2014 suum
1012 1973 1079 2015 esse
1087 1973 1203 2016 servum
1211 1975 1354 2017 asserens.

258 2052 422 2113 Pittslscus
435 2049 522 2126 igitur
539 2048 623 2108 mulis
642 2045 772 2128 undique
787 2065 941 2127 oppressus
954 2047 993 2106 sd
1011 2065 1110 2126 genus
1127 2047 1234 2107 eccidit
1245 2047 1354 2107 homini

257 2161 397 2226 perquem
409 2142 498 2200 bono.
528 2141 583 2200 Est
595 2141 713 2219 quidam
727 2139 860 2201 Glaucus
874 2137 1093 2216 Chclergensis.
1125 2139 1155 2198 ls
1169 2157 1237 2198 eum
1251 2139 1354 2199 usserit

256 2238 288 2298 in
300 2235 475 2294 libertatem.
508 2232 583 2293 Post
594 2233 650 2293 hoc
663 2233 829 2293 sortitiones
839 2231 1016 2310 judiciorum
1037 2231 1178 2292 fecemnt.
1210 2232 1273 2291 Sed
1285 2251 1353 2310 prc-

258 2326 513 2412 gressutemporis
526 2327 707 2404 cognitorem
719 2331 907 2410 'sumpserunt
925 2323 1093 2401 Diopitheor
1105 2324 1289 2396 Suniensem,
1302 2341 1354 2402 po-

256 2420 388 2500 pularem
403 2416 600 2494 Hegessndri,
610 2427 643 2475 et
654 2435 706 2495 per
717 2425 833 2475 erstem
846 2414 923 2474 illius
934 2416 1146 2476 consuetudine
1159 2431 1253 2476 usum.
1265 2453 1269 2462 ·
1280 2415 1352 2474 Dio-

256 2509 352 2592 pithes
366 2515 503 2585 suscepte
525 2525 556 2566 re
569 2505 667 2565 differt
680 2505 841 2584 negotium,
854 2507 934 2565 uliud
950 2525 986 2565 ex
1005 2505 1062 2564 slio
1075 2517 1192 2586 tempus
1209 2507 1267 2566 reis
1278 2526 1351 2567 con·

255 2603 380 2664 densus.
411 2599 453 2657 Ut
473 2596 780 2675 eutem-Hegeseuder
799 2607 930 2656 vestrum
943 2609 1113 2674 suggestum
1129 2599 1352 2672 conscenderet,

255 2688 356 2773 -quc
367 2703 498 2770 tempore
513 2687 750 2767 Aristophontem
760 2688 956 2747 Arenieusem
970 2689 1169 2765 oppugnabar,
1181 2689 1350 2768 priusquam

147 2827 153 2840 .
211 2825 215 2832 -
252 2782 484 2848 iseinctionem
497 2779 578 2840 illem
589 2779 714 2839 minutus
726 2790 807 2839 esset
820 2779 898 2858 spud
913 2777 1063 2858 populum,
1086 2797 1146 2857 qus
1164 2797 1224 2858 ,ego
1238 2781 1350 2842 limer-

253 2879 344 2939 ehum
362 2893 445 2935 reum
463 2873 571 2946 leci—‚
591 2870 737 2950 Crobylus
758 2871 826 2930 item
840 2871 929 2932 freter
941 2871 1005 2949 ejus
1027 2871 1182 2946 conciones
1202 2871 1349 2934 hebebst:

227 2968 380 3046 'denique
399 2966 448 3026 isti
466 2965 551 3044 primi
563 2963 643 3042 spud
663 2983 716 3023 vos
729 2962 794 3022 nusi
811 2964 931 3022 fuerunt
949 2961 987 3021 de
1007 2962 1157 3040 republica
1177 2963 1348 3026 Grsscorum

251 3059 433 3140 espeseende
444 3059 586 3118 sundere:
601 3067 663 3115 tum
673 3055 792 3114 demum
804 3055 976 3126 Pittelscus‚
990 3055 1206 3133 repudiatosuo
1216 3057 1348 3132 consilio,

250 3163 283 3212 et
295 3151 408 3210 ratione
419 3149 502 3220 initu,
516 3149 582 3227 quis
603 3146 710 3224 etipse
723 3156 810 3218 esset,
829 3155 860 3206 et
882 3164 949 3206 cum
967 3147 1074 3226 qulbus
1092 3146 1202 3206 bellurn
1223 3160 1347 3228 gereret,

251 3251 332 3302 recte
345 3239 400 3299 subi
412 3237 670 3298 consuluit-vers
681 3238 758 3296 enim
773 3235 901 3298 dicende
914 3247 1055 3298 suut-et
1064 3238 1212 3316 quiescere
1225 3243 1345 3303 statuit:

251 3335 328 3392 bene
340 3348 441 3389 secum
455 3328 503 3407 egi
516 3337 635 3406 puteus,
650 3329 674 3388 si
688 3327 761 3389 nihil
776 3329 842 3390 novi
856 3330 925 3390 meli
938 3329 993 3391 sibi
1006 3330 1133 3391 duretur.
1155 3331 1215 3393 Hic
1228 3333 1345 3394 ἀειιιιιιιι

251 3420 445 3501 Hegessuder
465 3419 597 3498 pulcrsm
620 3421 707 3481 istem
726 3421 878 3484 victorium
899 3422 1034 3502 adeptus,
1054 3421 1239 3484 Timsrchum
1267 3426 1345 3507 eprrd

250 3534 284 3575 se
297 3512 379 3573 nullu
389 3531 458 3572 cum
466 3511 604 3571 molestis
615 3510 728 3572 hebuit.

293 3607 341 3664 14.
362 3603 401 3663 Et
411 3603 477 3663 hcc
489 3621 558 3663 vere
571 3621 590 3662 e
602 3622 650 3664 me
666 3603 736 3675 dici,
751 3604 831 3665 scitis
845 3623 957 3666 omnes.
978 3606 1056 3666 Nem
1069 3606 1133 3684 quis
1146 3615 1276 3666 uestrum
1289 3619 1345 3684 est,

249 3699 302 3778 qui
313 3713 462 3774 nunquam
476 3696 507 3754 iu
519 3695 615 3754 forum
629 3696 850 3775 cupedinarium
865 3699 986 3772 venerit,
1001 3717 1057 3758 nec
1069 3709 1202 3778 sumptus
1221 3699 1344 3760 istorum

248 3786 412 3873 spectarit?
432 3789 495 3847 Aut
511 3787 588 3865 quis,
600 3807 668 3847 eum
688 3789 718 3847 in
732 3790 851 3849 istorum
864 3791 1124 3850 commessationes
1136 3779 1289 3852 incidisset
1301 3803 1344 3854 st·

248 3900 308 3960 que
321 3879 475 3954 adulteris,
486 3879 654 3959 reipublice
664 3881 757 3940 vicem
770 3899 829 3940 non
839 3881 953 3942 doluitl
974 3881 1097 3955 Temen,
1106 3882 1226 3960 qusndo
1239 3883 1344 3948 ira-toro

248 3993 362 4045 sumus,
375 3989 450 4031 voce
468 3970 539 4029 mihi
556 3970 741 4032 Glauconem
764 3972 1005 4052 Cholergeosem,
1025 3973 1076 4052 qui
1098 3974 1276 4036 Pittslscum
1295 3993 1344 4037 es-

248 4065 378 4126 seruitio
391 4063 572 4124 uberum:
593 4072 625 4122 et
635 4064 748 4143 relique
760 4063 928 4124 testimonis
938 4065 1013 4144 legs.

657 4251 927 4312 TESTIMONIA.

279 4379 389 4426 Testetur
406 4379 496 4428 Glssoo
510 4379 592 4428 linai
603 4379 810 4444 lbcholsrgsusis.
837 4381 889 4442 lige
905 4379 1044 4428 Piltslseunr
1062 4369 1187 4430 ssssruiiu
1204 4351 1343 4442 libertslsm,

247 4469 300 4503 euru
310 4453 340 4507 slr
349 4453 506 4517 lissumdre
519 4457 549 4511 sd
560 4455 698 4506 uuinton
708 4457 870 4506 obduceretur.
895 4455 1021 4518 munuc
1031 4465 1087 4520 post
1097 4471 1134 4507 ms
1145 4457 1254 4507 eosvenit
1265 4459 1343 4508 'Phn-
