2967 5017
482 312 652 375 CONTRA
674 312 875 377 buttem.
1163 314 1224 373 ⁷85

130 470 285 533 Mouet
297 472 433 553 puberes,
447 472 529 551 pueri
552 482 583 531 et
602 469 737 531 mulieres
758 470 815 529 sub
833 464 1050 537 bausendits',
1063 464 1113 545 qui
1133 464 1227 527 hoe·

128 562 342 627 demoniorum
368 564 559 645 aggressione
585 582 644 623 non
671 561 884 633 animaduersa,
908 558 984 621 ὼω
1007 556 1143 619 Athenas
1164 575 1226 619 uon

128 655 315 737 aufugerant.
357 654 420 717 Eos
432 657 520 737 igitur
531 656 581 737 qui
596 673 678 715 sunm
691 652 923 715 benevolentiam
940 652 983 711 ita
994 648 1144 711 evidenter
1155 668 1229 731 erge

127 749 343 831 rempublicam
356 748 557 822 ostenderunt,
570 758 601 809 et
618 746 753 809 amicitie
763 745 866 827 populi
877 764 933 805 sus
944 744 1051 816 onmia,
1062 753 1095 804 et
1110 741 1229 817 liberos,

125 852 222 921 atque
233 860 340 905 uxores
354 840 596 923 poethebuernnt,
605 858 720 901 rursum
734 838 929 910 considerate,
942 856 1001 915 quo
1012 845 1100 915 pacto
1112 835 1144 895 in
1156 835 1227 897 eiri-

125 942 223 995 tarem
236 936 414 1017 receperitis.
457 936 483 995 E
496 932 621 995 decretis
636 934 712 993 enlm
724 931 838 1005 restris,
848 930 968 991 euidens
977 928 1113 989 omnibus
1124 928 1181 989 erit
1190 948 1228 990 es

124 1026 216 1099 ratio,
230 1037 261 1089 et
272 1044 319 1089 me
331 1046 399 1089 vern
412 1027 509 1088 dicere
523 1026 720 1107 cognoscetis.
762 1024 827 1104 Age
841 1042 916 1103 cape
936 1022 1089 1083 decretum
1108 1020 1176 1096 boc,
1195 1031 1227 1082 et

124 1117 264 1199 legesis.

352 1258 582 1321 DECRETUM
604 1258 663 1319 DE
685 1254 1012 1317 PLATAEENSIBUS.

161 1389 307 1452 Hipponrste
318 1392 442 1447 reserante,
454 1390 507 1439 dats
517 1390 603 1439 uisitss
614 1396 650 1437 est
659 1387 836 1442 etenensium,
850 1396 876 1433 nt
893 1387 922 1433 sb
930 1386 973 1433 hse
983 1384 1024 1433 die
1040 1385 1088 1433 sint
1099 1384 1180 1432 etse
1191 1386 1226 1449 di·

122 1465 227 1526 gnitsts,
236 1484 281 1529 qua
289 1466 361 1515 ceteri
369 1467 529 1522 Athenienses,
538 1474 562 1514 st
569 1468 609 1527 J'us
620 1466 727 1520 haberet,
739 1479 835 1526 quorum
848 1463 1002 1511 Athenienses
1018 1464 1058 1523 ius
1075 1461 1167 1516 babent,
1177 1476 1227 1509 ors·

123 1542 203 1601 nium,
212 1551 236 1589 et
247 1560 364 1591 sacrorum
383 1552 407 1591 et
424 1544 580 1605 prolsnorum,
591 1549 742 1604 preterquam
759 1540 780 1587 si
796 1540 859 1601 quod
875 1529 1029 1586 ssoerdutinm
1044 1544 1084 1585 sut
1098 1538 1182 1585 lentum
1192 1546 1228 1586 est

122 1615 280 1679 gentilitium,
292 1623 393 1677 excepto
403 1616 460 1665 item
472 1616 640 1672 nossmsirstn,
650 1630 727 1663 eurum
738 1623 816 1663 tamen
829 1616 909 1662 liberis
918 1621 943 1661 et
952 1615 1004 1660 heu
1016 1620 1122 1673 puteant:
1140 1614 1226 1662 Plutus·

119 1708 198 1741 enses
210 1700 286 1740 eutem
297 1692 322 1739 in
333 1693 409 1738 eurise
424 1698 448 1739 et
459 1692 535 1739 tribus
544 1691 729 1750 distribuentur,
742 1690 782 1751 qni
793 1698 917 1752 postquem
928 1688 1048 1737 distributi
1057 1689 1151 1746 inerint,
1162 1698 1226 1751 post·

122 1771 174 1815 heo
184 1784 213 1815 ue
224 1768 265 1815 ulli
277 1768 441 1816 Plstnensiurn
450 1768 520 1815 lineat
533 1768 583 1815 beri
600 1768 773 1823 Atheniensem,
785 1766 831 1813 nisi
841 1768 866 1813 id
879 1768 919 1827 jus
932 1764 1015 1826 populi
1025 1764 1136 1813 beneflcio
1146 1782 1226 1817 eom-

121 1851 222 1907 quntur.

122 1956 293 2031 Videtisne,
312 1958 517 2031 Athenienses,
540 1978 628 2037 quam
652 1958 794 2038 prseelsre
815 1966 848 2018 et
871 1956 952 2035 juste
980 1966 1077 2019 erutor
1099 1958 1148 2020 ille
1171 1978 1224 2040 pru

121 2050 239 2133 populo
250 2050 422 2113 Atheniensi
444 2052 591 2132 scripserit
613 2062 643 2111 et
665 2049 834 2112 censueritl
859 2048 1038 2112 Platoeenses
1052 2054 1225 2114 beneficium

123 2156 316 2221 consecutos,
330 2150 453 2227 primum
465 2146 616 2228 injudicio
630 2148 827 2227 explorandos
838 2146 956 2219 viritim,
970 2166 1008 2207 an
1021 2149 1174 2229 quisquam
1189 2150 1227 2211 sit

124 2238 303 2299 Pletoeensis
319 2252 349 2300 et
362 2240 464 2320 populi
479 2240 605 2312 amicum
626 2250 659 2300 ut
672 2260 709 2300 ne
724 2260 760 2301 eo
778 2249 921 2319 pretextu
934 2241 1019 2300 multi
1032 2243 1061 2300 in
1079 2242 1225 2303 civitatem

123 2332 315 2412 recipiuntur.
355 2330 473 2393 Deinde
487 2334 601 2413 eosqui
619 2334 733 2414 probati
746 2334 864 2406 fuerint,
878 2332 1002 2413 lapideus
1016 2334 1084 2413 pilm
1097 2336 1225 2411 inscribi,

123 2432 158 2484 et
178 2425 294 2485 inance
315 2424 405 2484 stetui
424 2426 509 2502 juxta
531 2424 694 2487 Minervam
710 2426 814 2505 jubet;
836 2435 870 2486 ut
890 2426 1064 2487 beneficium
1085 2428 1115 2488 id
1137 2426 1225 2489 etiem

124 2516 255 2596 posteris
270 2526 449 2595 permanent,
473 2516 647 2600 probarique
661 2518 765 2596 possit,
785 2518 852 2596 quis
873 2519 922 2578 cui
939 2529 1083 2598 cognatus
1097 2520 1145 2582 sit.
1188 2522 1228 2582 Et

123 2618 235 2688 posten
246 2626 307 2667 nun
316 2607 403 2667 licere
418 2606 487 2667 sinit
500 2605 708 2669 Atheniensem
723 2608 785 2669 fieri
797 2628 875 2681 eum,
888 2610 939 2688 qui
950 2630 1030 2671 nunc
1043 2632 1103 2672 non
1119 2614 1226 2687 factus,

123 2710 156 2761 et
170 2697 326 2777 injudicio
339 2718 398 2759 non
414 2698 552 2777 probatus
573 2698 678 2769 luerim
701 2709 734 2760 ut
757 2720 794 2760 ne
816 2702 901 2760 multi
920 2720 953 2762 se
967 2702 1147 2764 Plntseenses
1161 2723 1226 2766 esse

124 2792 309 2863 dictitantes,
319 2790 421 2851 fraude
435 2792 466 2850 in
478 2792 622 2851 civitatem
634 2790 772 2872 irrepunt.
790 2792 907 2853 Deinde
919 2792 1016 2873 legem
1030 2794 1116 2855 etium
1129 2796 1226 2858 sunsit

125 2902 204 2965 erga
224 2902 275 2944 eos
298 2875 328 2943 in
351 2882 469 2945 decretu
492 2882 600 2955 statim,
616 2895 677 2944 tum
700 2896 843 2965 quantum
861 2885 901 2946 nd
921 2886 1143 2965 rempublicam,
1161 2898 1225 2949 tum

125 2986 273 3057 quantum
289 2976 327 3037 ad
342 2977 413 3037 deos
428 2976 541 3047 attinet,
555 2996 592 3037 ne
605 2978 741 3056 cuiquem
757 2997 859 3038 eorum
868 2979 898 3038 in
914 2980 1064 3040 sortitione
1078 2983 1225 3041 novemvi-

125 3092 238 3145 rorum,
252 3083 304 3133 nut
326 3070 413 3132 ullius
438 3068 571 3133 sacrificii
592 3070 676 3132 locus
698 3071 794 3143 detur,
812 3070 917 3131 borum
938 3091 1006 3132 vero
1031 3071 1139 3148 liberis,
1162 3076 1186 3134 si
1208 3094 1225 3135 e

127 3164 250 3225 muliere
264 3164 327 3241 cive
342 3165 472 3244 suseepti
487 3165 555 3235 sint,
570 3173 600 3223 et
613 3162 744 3243 legitime
757 3164 915 3244 desponsa,
928 3165 1026 3226 licere.

169 3258 223 3318 26.
244 3256 461 3336 Iniquissimum
475 3257 565 3336 igitur
577 3256 666 3317 luerit
678 3276 751 3336 erga
762 3256 886 3331 vicinos,
905 3268 936 3317 et
955 3268 1039 3319 extra
1056 3268 1224 3319 conmouer-
1273 3284 1276 3290 ¹

127 3348 200 3411 siam
215 3350 325 3431 optime
338 3352 466 3410 omnium
481 3349 656 3410 Grecorum
671 3350 710 3409 de
723 3350 780 3411 huc
797 3349 948 3430 republica
959 3352 1088 3425 meritos,
1107 3353 1149 3412 ita
1161 3352 1226 3415 dili·

130 3453 235 3520 geuter
247 3451 279 3503 et
293 3452 429 3503 accurate
442 3440 560 3522 singula
572 3440 703 3515 delinire,
716 3443 822 3520 quibus
835 3442 1051 3505 conditionibus
1064 3445 1122 3504 hoo
1135 3446 1225 3505 bene·

130 3532 195 3596 heio
207 3535 359 3595 fruentur:
380 3553 445 3595 eam
467 3554 548 3607 vero,
570 3554 637 3613 qum
651 3534 749 3614 pelam
763 3544 794 3594 et
809 3536 952 3616 exquisite
966 3538 1128 3598 universam
1141 3536 1225 3596 Gnes-

130 3626 205 3687 cinm
221 3628 378 3706 prostituto
393 3644 512 3707 corpore
531 3638 690 3707 perungam
711 3638 767 3701 est,
780 3628 822 3688 itu
843 3628 988 3708 flagitiose
1005 3649 1041 3689 ee
1060 3628 1226 3709 petulanter

131 3717 321 3779 insultantem
339 3719 459 3789 civitati,
484 3728 516 3779 et
538 3738 621 3779 secte
643 3718 774 3800 deosque
796 3718 962 3794 violantem,
984 3720 1157 3801 impunitum
1180 3721 1225 3781 di·
1287 3721 1292 3729 ’

130 3810 255 3885 misisse,
268 3830 356 3891 quam
384 3832 480 3893 neque
504 3822 640 3892 parentes
662 3813 755 3873 civem
773 3812 961 3893 reliquerunt,
980 3832 1077 3893 neque
1099 3812 1224 3893 populus

131 3902 249 3965 civitate
262 3904 391 3965 donavit.
428 3904 485 3966 Ubi
498 3906 575 3965 enim
590 3924 710 3985 corpore
724 3916 869 3985 questum
883 3926 943 3966 non
957 3904 1051 3966 fecitl
1080 3906 1149 3972 Quo
1158 3924 1225 3986 pro-

131 4006 194 4075 pter
208 3999 408 4079 quotidianam
422 4000 587 4061 mercedem
601 4018 660 4059 non
674 3998 846 4061 ventitavit?
866 4001 975 4061 Nonne
989 3999 1225 4078 Peloponnesum

132 4102 231 4167 totam,
245 4092 426 4155 Thessaliam
438 4095 507 4155 item
519 4106 550 4155 et
563 4093 760 4173 Magnesiam,
774 4094 884 4155 Simum
897 4094 1071 4156 Larisum
1085 4103 1116 4153 et
1130 4092 1223 4175 Eury·

133 4184 298 4248 dementem
314 4185 413 4245 Midiae
428 4186 529 4261 lilium,
544 4206 639 4247 nonne
654 4186 760 4247 Chium
775 4196 807 4248 et
818 4186 971 4247 maximum
986 4186 1078 4245 Ionius
1101 4198 1225 4265 purtem,

135 4272 273 4339 Sotedem
286 4278 458 4339 Cretensem
480 4290 592 4352 secute,
609 4278 797 4359 peragravit?
817 4278 933 4340 elocuta
950 4278 1086 4339 mercede
1102 4298 1120 4337 a
1134 4278 1224 4339 Nica-

134 4380 203 4442 teta,
219 4370 290 4431 dum
302 4368 378 4431 illius
393 4371 490 4431 esset?
512 4372 585 4432 Eam
602 4390 682 4451 uero,
693 4392 761 4451 qum
784 4370 887 4432 eliense
901 4370 1040 4452 potestati
1063 4370 1223 4451 subjicitur,

135 4468 164 4519 et
175 4462 299 4541 pretium
313 4474 514 4525 numerantem
527 4464 692 4542 comitatur,
706 4463 777 4543 quid
791 4464 886 4525 lucere
901 4462 1030 4543 putetis?
1050 4463 1119 4523 Non
1131 4463 1223 4523 omni·

654 4559 706 4615 sn
