2967 5017
233 337 297 395 affl
427 379 429 387 ·
502 335 725 395 ADVERAEUS
748 335 1057 397 PANTAENETUM.

239 477 392 550 Vmorem
405 488 424 546 ii
434 489 486 566 qui
501 487 593 548 scisti
607 497 757 548 munuae
775 485 906 562 dionem
917 485 956 547 ed
975 484 1119 547 officinam
1131 485 1333 564 etmendpim

236 599 305 659 qne
318 601 338 639 a
352 579 497 639 Mneeicle
519 599 574 640 uos
592 597 773 646 emerserunt
794 577 952 656 nequisti
968 576 1127 655 quicquam
1141 577 1266 656 simplex
1278 587 1333 636 snt

237 691 354 750 equum
368 671 537 744 afferebant,
548 672 600 731 sed
614 671 721 750 ubique
735 669 880 730 mendacii
898 668 1165 736 convincebantur;
1188 667 1332 728 Mnesiclc

237 783 323 843 porro
343 764 541 825 venditionem
565 764 649 824 uobis
672 763 873 830 confirmante.
895 759 1092 821 conditionem
1115 759 1200 820 nobis
1223 760 1332 832 muer,

236 871 323 931 quem
338 873 392 914 nos
407 855 608 934 repudiaturus
622 856 776 935 putebant,
789 863 824 913 ut
835 862 887 913 eut
905 851 1031 932 monem
1042 851 1122 913 omui
1135 869 1154 910 s
1165 869 1200 912 sc
1212 861 1333 928 recepta

234 945 464 1020 discederemus,
487 957 540 1019 aut
560 947 631 1026 mais
654 947 879 1008 dissolueremus
901 963 938 1004 ea
961 963 1027 1022 qun
1051 942 1241 1022 portularent.
1259 960 1334 1002 cau-

239 1046 338 1096 santes
356 1057 412 1098 nos
424 1038 532 1098 bebere
544 1059 612 1117 ques
626 1039 715 1118 longe
728 1037 846 1117 majoris
859 1035 945 1116 pretii
958 1044 1058 1096 essent
1077 1053 1167 1111 quam
1187 1042 1333 1110 quantum

238 1141 292 1188 nos
314 1131 507 1192 dedissemus.
548 1133 664 1201 Quibus
687 1151 744 1210 ego
766 1130 883 1202 auditis,
903 1129 1011 1210 statim
1025 1127 1088 1188 sina
1107 1126 1332 1197 deliberatione,

128 1303 133 1308 ,
235 1222 356 1300 promibi
370 1241 417 1284 mc
430 1237 625 1304 recepturum,
638 1235 668 1284 et
682 1223 800 1301 Euergo
812 1221 942 1302 mussi
956 1230 990 1278 nt
1002 1218 1190 1280 mentiret.
1231 1220 1332 1284 Quum

98 1311 114 1332 ⁸
235 1323 336 1372 autern
350 1315 476 1392 mcunia
488 1316 573 1376 uobis
595 1315 777 1376 numeranda
793 1325 880 1385 esset
894 1322 925 1371 ct
946 1331 993 1371 res
1007 1331 1044 1370 eo
1065 1311 1265 1390 processisset,
1278 1331 1333 1370 ue·

106 1431 112 1440 ·
233 1416 346 1482 gerunt
358 1406 396 1464 ds
410 1416 519 1466 cetero
533 1427 565 1466 se
579 1407 700 1468 daturos
712 1406 763 1483 qui
775 1417 847 1467 tunc
864 1404 918 1464 iiia
929 1401 1202 1482 pumicemnt,nisi
1219 1402 1334 1462 sorde

236 1497 453 1574 possessionum
466 1485 633 1559 redditores
646 1499 800 1568 fieremus3
817 1497 933 1575 inquo,
943 1495 1148 1566 Athenienses,
1160 1495 1332 1574 sapiebant:

236 1605 305 1646 cum
318 1588 452 1651 viderent
464 1591 569 1670 quibus
587 1609 641 1649 nos
655 1590 702 1648 isti
714 1590 867 1650 calumniis
880 1598 1031 1649 uexarent.
1074 1587 1115 1646 Ut
1124 1587 1215 1666 igitur
1226 1586 1333 1684 ethice

237 1697 305 1740 vcra
317 1699 381 1742 esse
395 1693 520 1755 constet,
535 1683 622 1744 etie-
637 1681 701 1742 hscc
715 1680 1002 1760 tesdmoniacepito.

650 1872 922 1931 TESTIMONiA.

278 2013 309 2070 4.
331 2010 406 2068 Cum
430 2021 527 2070 autem
553 2029 599 2070 res
618 2011 646 2067 in
672 2025 707 2067 eo
728 2007 910 2075 consisteret,
928 2015 958 2063 et
978 2004 1133 2082 pecuniam
1154 2004 1264 2082 iiquos
1277 2006 1335 2066 iste

237 2095 401 2157 adduxerat
413 2117 472 2156 non
488 2107 683 2170 numerarent,
696 2109 727 2157 et
747 2117 801 2156 uos
820 2115 887 2175 quae
901 2096 1072 2155 emissemus
1092 2115 1151 2154 non
1171 2094 1275 2174 injuria
1287 2107 1335 2158 te·

237 2205 305 2245 nere
319 2187 490 2262 videremur,
503 2189 697 2267 supplicabat,
709 2176 920 2257 obtestabatur,
934 2187 1108 2245 obsecrabat
1121 2195 1155 2243 ut
1164 2185 1333 2248 venditores

236 2277 381 2338 fieremus.
422 2281 545 2340 Peteute
559 2300 629 2339 rero
642 2281 699 2338 isto
714 2290 746 2339 et
757 2277 883 2338 multum
897 2295 944 2335 me
957 2277 1116 2349 obtestato,
1128 2286 1159 2336 et
1174 2275 1246 2334 nihil
1271 2298 1332 2338 non

235 2369 372 2443 faciente,
386 2371 415 2430 id
430 2391 546 2450 quoque
557 2371 700 2431 concessi.
742 2370 802 2428 Sed
815 2369 884 2446 quis
897 2387 964 2426 eum
979 2367 1157 2426 malitiosum
1170 2387 1236 2428 esee
1248 2368 1331 2428 ride·

129 2455 140 2466 ’
218 2462 316 2531 ·bern,
341 2462 547 2535 Athenienses,
566 2475 597 2524 et
620 2464 657 2522 ab
681 2461 764 2522 initio
784 2459 959 2521 Mnesiciem
981 2458 1062 2538 apud
1085 2478 1140 2518 nos
1164 2478 1332 2533 accusasse,

234 2570 343 2622 rursus,
357 2572 425 2612 cum
448 2573 580 2613 summus
598 2565 677 2614 esset
696 2553 802 2631 Evargi
819 2552 929 2612 amicus
951 2551 1117 2630 suscepisse
1137 2571 1204 2612 cum
1226 2553 1330 2617 eodem

235 2639 411 2716 inimicitias,
425 2653 455 2704 et
474 2645 597 2723 primum
618 2665 685 2706 oum
703 2665 761 2724 ego
774 2643 918 2704 redissem
937 2641 1076 2722 gratulari
1089 2643 1159 2702 mihi
1174 2643 1332 2706 adrentum
1397 2683 1401 2689 ·

235 2743 266 2792 et
280 2734 408 2810 gaudere
428 2747 587 2814 conspectu
607 2758 684 2816 meo,
698 2738 748 2796 ubi
766 2756 835 2796 vero
849 2737 993 2815 promissa
1005 2736 1174 2815 prestanda
1187 2749 1273 2798 erent
1285 2738 1330 2800 in-

236 2822 352 2886 sensum
365 2826 434 2886 mihi
448 2828 717 2900 iactum,.omnibus
737 2828 865 2907 denique
880 2827 1023 2905 tantisper
1039 2847 1105 2888 esse
1121 2827 1246 2891 amicum
1259 2830 1331 2908 dum

236 2915 344 2996 aliquid
358 2919 510 2998 occuparit
522 2930 553 2979 et
564 2939 630 2998 qum
644 2931 729 2998 rogat
741 2921 894 2997 impetrata
905 2916 1016 2990 tulerit,
1029 2930 1096 2996 post
1108 2918 1256 2980 inimicum
1269 2922 1331 2982 fieri

236 3018 268 3070 et
289 3010 498 3084 adversarium,
519 3011 662 3082 volebam,
686 3030 754 3068 cum
775 3009 882 3069 omisso
906 3020 1059 3069 contractu
1080 3010 1177 3089 priore
1200 3031 1254 3090 pro
1273 3012 1331 3073 isto

235 3100 370 3176 uenditor
387 3101 498 3172 fierem,
511 3101 552 3158 sic
566 3119 634 3158 cum
654 3118 691 3158 eo
712 3097 879 3168 convenire,
893 3107 927 3156 ut
939 3099 1017 3158 omni
1032 3099 1162 3177 periculo
1183 3111 1334 3166 emesena

235 3210 267 3268 pe
293 3191 439 3254 liberarer.
482 3190 537 3250 His
559 3191 720 3262 concessis,
735 3190 791 3250 iste
814 3209 861 3250 me
883 3189 1003 3253 omnino
1022 3192 1143 3252 missum
1162 3194 1252 3255 iecit:
1273 3194 1332 3276 e'go

236 3301 305 3342 vero
318 3280 463 3354 venditor,
477 3292 511 3341 ut
530 3285 715 3361 precabatur,
733 3281 830 3343 fectus
848 3301 915 3342 sum
935 3283 1165 3361 posscssionum,
1188 3288 1331 3364 quemad·

236 3373 357 3434 modum
371 3391 422 3434 ees
439 3372 501 3452 ipse
512 3392 533 3432 a
546 3373 689 3436 Mnesicle
703 3392 839 3446 eruerem
867 3374 1006 3454 Receptis
1021 3375 1109 3454 igitur
1122 3377 1194 3438 meis
1208 3387 1239 3438 et
1250 3381 1333 3442 nulls

99 3471 105 3492 ‘
234 3465 284 3526 isri
297 3465 378 3527 iacta
394 3465 510 3544 injuria,
525 3465 566 3526 ita
585 3466 690 3526 medii
712 3468 788 3526 bene
797 3461 914 3538 ament,
928 3466 1015 3528 etiam
1036 3466 1147 3546 siquid
1163 3469 1331 3546 accidisset,

236 3575 385 3634 nunquam
397 3558 460 3621 fere
474 3557 573 3636 putari
587 3569 621 3618 ut
633 3577 681 3620 me
695 3558 725 3616 in
735 3559 785 3638 jus
798 3567 928 3631 vocaret
969 3559 1030 3618 Res
1041 3559 1129 3638 igitur
1139 3559 1177 3619 de
1190 3581 1250 3640 qua
1262 3583 1332 3624 eeu-

236 3648 358 3713 tentiam
371 3648 480 3722 feretis,
494 3660 525 3710 et
542 3659 765 3729 propterquam
777 3650 1061 3711 calumniarentur
1074 3650 1201 3712 dandam
1220 3673 1285 3716 cese
1304 3659 1332 3720 ei

235 3741 381 3806 euticam
391 3740 509 3820 negari,
522 3742 587 3803 brec
596 3753 657 3813 est,
671 3743 812 3802 iudices:
833 3740 969 3801 adductis
982 3754 1079 3803 autem
1095 3743 1217 3804 testibus
1231 3745 1266 3805 iis
1279 3749 1330 3825 qui

236 3835 392 3908 affuerant,
405 3853 472 3894 curn
486 3834 541 3894 iste
554 3853 601 3894 me
618 3833 783 3894 absolveret
801 3853 838 3894 ac
857 3833 1004 3922 liberaret,
1013 3835 1076 3913 jam
1089 3854 1168 3894 nunc
1182 3855 1241 3895 non
1255 3838 1330 3898 dau-
1443 3846 1447 3855 ’

235 3928 306 3992 dam
320 3946 385 3991 esse
399 3927 544 3990 actionem
557 3924 682 4006 legibus,
696 3926 860 3988 ostendam.
882 3925 961 4004 Lege
970 3925 1040 3986 mihi
1051 3927 1109 3988 hoc
1122 3927 1329 3991 testimonium.

627 4105 933 4170 TESTIMONIUM.

236 4233 318 4312 Lege
331 4211 400 4291 mibi
415 4243 445 4294 et
458 4243 620 4315 empturum
633 4234 843 4311 testimonium,
856 4247 890 4297 nt
903 4237 1013 4311 scistis,
1028 4236 1086 4298 isto
1095 4236 1219 4317 jubente
1233 4259 1281 4302 mc
1294 4261 1331 4303 es

236 4323 402 4385 vendidisse
415 4325 460 4400 iis,
473 4328 581 4409 quibus
593 4327 648 4390 istc
657 4327 796 4408 jusserat.
