2967 5017
283 320 343 383 ⁷42
588 318 810 382 ADVERSUS
828 318 1080 385 eunonium

286 474 388 546 urstis,
401 474 478 535 clam
502 484 533 537 st
553 476 591 548 ri,
605 477 695 538 sscris
719 486 751 536 et
774 472 925 555 republica
941 484 1038 536 restra
1059 484 1130 537 snut
1148 475 1204 545 usi,
1223 474 1278 535 sed
1298 474 1378 536 osh-

286 566 397 627 mitosis
410 567 575 628 bominibus
578 586 682 647 ,seque
695 568 774 629 cives
787 587 853 628 esse
865 566 1088 629 ostendentibus
1099 584 1185 647 opem
1194 566 1378 645 salutemque

284 660 455 730 lersndsm,
446 667 506 721 ·et
521 660 719 740 capiundum,
732 677 801 721 coss
823 659 986 721 iusmtibus
1003 660 1088 721 nobis
1107 660 1375 721 miserrimesrssm

286 751 330 823 iri,
345 753 380 824 si,
393 770 460 812 cum
473 752 758 832 restmquibusdem
777 750 950 811 enemente
969 770 1065 831 penas
1083 752 1186 811 merito
1199 750 1375 855 infligantur,

284 858 338 905 nos
352 862 412 904 uua
424 843 498 904 iuter
507 862 558 905 sos
569 862 750 917 censeamur,
759 853 791 904 et
802 852 920 923 propter
926 842 1095 903 mudrars
1078 842 1169 922 rps'srs
1183 840 1375 921 rsi,isjsriam

284 936 438 1016 patiamur.

325 1030 353 1087 3.
369 1026 515 1107 Equidem
527 1030 677 1107 putabam,
691 1027 825 1101 ludices,
838 1027 942 1088 decere
955 1024 1143 1101 Eubulidem,
1155 1038 1187 1086 et
1197 1044 1299 1086 omnes
1312 1046 1375 1099 eos,

282 1122 333 1201 qui
346 1140 423 1181 nunc
436 1120 469 1181 iu
481 1121 651 1201 abrogando
660 1120 727 1201 jure
743 1119 868 1181 civitatis
882 1118 1082 1181 nccusstioucs
1099 1116 1243 1188 factitant,
1259 1136 1297 1178 es
1307 1137 1375 1196 quse

283 1222 433 1293 comperte
445 1211 586 1273 heberent
602 1213 709 1285 dicme,
724 1230 824 1292 neque
842 1212 935 1271 ullum
953 1228 1096 1271 rumorem
1109 1210 1140 1270 in
1158 1209 1219 1270 talc
1230 1209 1376 1289 judicium

281 1303 393 1366 afferre.
421 1304 459 1365 Id
473 1307 550 1374 urim
560 1323 654 1384 usqne
667 1304 742 1367 sdeo
755 1304 898 1384 injustum
910 1322 977 1364 esse
987 1301 1055 1362 olim
1067 1302 1155 1362 etiam
1167 1300 1250 1380 leges
1264 1309 1376 1361 statae·

282 1408 360 1469 runt,
378 1397 525 1473 utauditu
538 1394 684 1457 testificari
697 1396 778 1476 leges
791 1395 893 1456 sinant
904 1414 942 1455 ne
957 1395 987 1455 in
1003 1395 1115 1455 levibus
1127 1392 1245 1472 quidem
1264 1392 1372 1453 causis.

283 1489 400 1551 Merito.
451 1488 526 1547 Cum
550 1488 627 1547 enim
649 1488 738 1569 aliqui
754 1488 826 1567 jam,
840 1488 888 1566 qui
910 1506 943 1548 se
964 1506 1023 1547 rem
1051 1487 1159 1547 vidisse
1186 1486 1372 1555 affirmarent,

281 1582 437 1643 mendaces
459 1581 519 1642 sint
531 1580 717 1661 deprehensi,
731 1600 800 1641 num
820 1579 861 1639 illi
880 1579 1014 1640 habende
1032 1576 1103 1641 fides
1121 1588 1176 1651 est,
1190 1578 1242 1657 qui
1253 1596 1291 1637 ea
1304 1576 1376 1637 dicit

281 1690 348 1755 quse
358 1674 484 1752 nscipse
498 1672 595 1733 noviti
615 1672 780 1744 Eoi-reso,
790 1669 1203 1742 cumueminibcsatetisuusi
1212 1668 1372 1729 obnoxium

280 1784 343 1826 sese
357 1765 549 1837 constituerit,
561 1784 614 1845 per
627 1784 663 1826 ea
675 1782 781 1825 nocere
793 1766 1020 1845 cuiqumque
1039 1782 1071 1824 se
1089 1762 1205 1823 audisse
1225 1762 1307 1833 dicit,
1323 1762 1372 1841 (pri

280 1858 427 1931 convenit,
438 1856 465 1917 ei
479 1876 529 1917 ros
542 1857 650 1917 babere
658 1855 814 1935 iidem,qui
823 1855 905 1916 nullo
914 1876 969 1916 suo
979 1854 1110 1935 periculo
1120 1874 1175 1914 nos
1184 1852 1373 1915 criminetur?

321 1954 351 2009 4.
366 1947 527 2028 Postquam
540 1948 628 2026 igitur
639 1949 693 2007 iste
706 1948 804 2027 legum
819 1967 940 2025 grumos,
952 1948 1041 2027 idque
1054 1946 1148 2025 magis
1162 1964 1251 2025 quam
1261 1964 1369 2005 couse-

280 2040 389 2111 niebat,
401 2040 518 2119 injuste,
532 2037 689 2116 multisque
702 2041 789 2099 rebus
802 2040 932 2118 superior
944 2039 1102 2103 sccumrit,
1111 2058 1232 2099 necesse
1245 2038 1317 2098 mibi
1325 2049 1371 2099 est

281 2132 319 2191 de
332 2132 368 2191 iis
381 2130 503 2211 primum
518 2130 613 2191 dicere
626 2130 737 2210 injuriis
752 2140 784 2190 et
795 2131 987 2202 contumeliis,
999 2131 1106 2210 quibus
1119 2132 1198 2210 spud
1211 2132 1369 2211 municipes

280 2242 346 2284 sum
368 2220 502 2284 affectus.
544 2220 618 2283 Peto
636 2232 732 2283 sutem
753 2223 877 2293 anobis,
893 2223 1098 2293 Athenienses,
1112 2242 1150 2283 oe
1167 2223 1283 2285 illorum
1303 2239 1369 2286 sen-

280 2314 401 2375 teutiam
423 2334 477 2393 pro
492 2324 662 2393 argumento
675 2315 794 2394 putetis,
807 2332 855 2373 me
868 2317 905 2373 ab
919 2314 976 2374 bac
990 2315 1139 2395 republica
1152 2332 1219 2373 esse
1232 2315 1368 2377 alienum.

281 2407 359 2467 Nero
373 2406 398 2466 si
416 2408 578 2487 municipes
595 2423 711 2467 omnem
728 2406 894 2485 aequitatem
913 2407 1074 2487 perspicere
1093 2425 1180 2486 posse
1199 2412 1369 2485 putassetis,

278 2497 503 2577 appellationem
515 2497 603 2558 vestri
615 2516 674 2557 uon
687 2497 861 2559 dedissetis:
882 2518 961 2560 nunc
972 2499 1212 2573 cumulatione,
1223 2519 1261 2560 es
1275 2504 1370 2564 inimi·

278 2590 363 2663 citiis,
377 2591 442 2651 aliis
453 2590 521 2652 item
533 2592 571 2651 de
581 2590 687 2664 cauneis,
701 2591 760 2651 tale
772 2591 843 2671 quid
855 2602 1029 2653 eventurum
1042 2591 1239 2654 existimantes
1256 2594 1368 2657 affectis

279 2682 383 2763 injurie
401 2694 529 2745 restrum
546 2684 628 2743 reiut
645 2683 759 2764 asylum
777 2684 939 2764 aperuistis.
981 2686 1048 2753 Quo
1068 2685 1207 2744 laudabili
1226 2685 1366 2758 instituto,

279 2774 482 2849 Athenienses,
495 2775 628 2837 homines
641 2774 811 2847 innocentes
827 2794 928 2837 omues
942 2776 1148 2848 conservastis.

320 2868 351 2927 5.
365 2866 496 2927 Primum
509 2868 598 2947 igitur
610 2868 693 2929 robis
708 2888 862 2948 exponam,
873 2888 934 2946 quo
947 2878 1035 2947 pacto
1045 2869 1124 2949 apsd
1134 2868 1292 2949 populares
1300 2890 1368 2931 ssu·

279 2958 371 3021 tentis
382 2958 443 3019 lats
455 2960 504 3020 sit.
546 2959 625 3020 Nam
639 2978 705 3039 que
719 2961 758 3019 sd
768 2980 827 3018 terr
838 2960 947 3019 lsciaut
959 2960 1058 3020 omnis
1070 2960 1179 3033 dicere,
1192 2961 1223 3021 id
1236 2974 1294 3040 ego
1304 2980 1368 3023 esse

278 3061 360 3131 puto,
375 3052 400 3111 si
412 3052 476 3129 quis
491 3051 637 3123 crundel,
655 3071 722 3129 quse
736 3050 911 3111 sectionibus
924 3069 1092 3130 oppressus,
1105 3062 1208 3115 contra
1220 3052 1368 3113 decretum

275 3142 319 3203 sit,
328 3160 495 3220 perpessus.
537 3139 708 3211 Eubulides,
722 3152 756 3199 ut
767 3152 895 3200 restrum
913 3142 997 3201 multi
1016 3153 1133 3213 norunt,
1148 3144 1305 3223 impietatis
1318 3166 1366 3207 ac·

274 3240 378 3291 custo
388 3248 488 3289 sorore
503 3228 726 3302 Lacedaemonii,
739 3230 872 3311 quintam
886 3232 1085 3312 suffiagiorunr
1096 3245 1208 3313 partera
1221 3254 1280 3295 non
1291 3236 1366 3295 ttulit

276 3321 365 3387 Quod
388 3320 476 3400 igitur
491 3320 520 3378 in
532 3341 578 3381 ea
596 3340 688 3382 cause
700 3333 731 3383 et
744 3342 855 3397 remus,
867 3336 898 3383 et
910 3324 959 3384 isti
978 3324 1134 3385 advenum
1153 3326 1213 3386 dixi
1235 3327 1366 3387 testimo·

276 3413 368 3483 nium,
380 3430 417 3473 eo
434 3430 550 3473 mecum
571 3425 688 3475 exercet
708 3414 883 3488 inimicitias,
896 3434 1002 3497 meque
1024 3428 1187 3498 oppugnat.
1228 3418 1367 3488 Quicum

276 3516 308 3567 et
330 3515 447 3567 senator
465 3517 554 3579 esset,
569 3516 599 3566 et
616 3506 832 3587 jusjurandum,
851 3519 939 3588 atque
953 3510 1064 3583 album,
1077 3532 1114 3573 ex
1131 3530 1191 3591 quo
1210 3512 1367 3591 populares

274 3599 353 3661 iutro
369 3600 505 3671 vocabat,
522 3600 553 3658 in
567 3616 622 3659 sua
634 3610 782 3680 potestate
794 3602 925 3676 baberet,
945 3602 1016 3685 quid
1032 3604 1124 3665 inciti
1158 3604 1284 3663 Primum
1299 3626 1366 3666 curn

274 3690 439 3772 mumcipes
460 3692 672 3766 convenissent,
686 3695 874 3771 concionibus
885 3696 1040 3768 habendis,
1054 3706 1087 3757 et
1097 3697 1223 3757 decretis
1236 3698 1366 3759 scriben-

275 3785 323 3847 dis
336 3786 415 3847 diem
427 3786 574 3847 contrivit.
616 3787 652 3846 ld
667 3806 736 3847 vero
755 3808 815 3849 nou
833 3789 909 3850 ferte
922 3790 1040 3851 lurtum
1053 3789 1161 3851 iactum
1175 3800 1232 3879 est,
1244 3791 1299 3852 sed
1311 3791 1366 3852 nir·

274 3880 490 3943 cumscribendi
502 3881 559 3940 mei
572 3900 671 3955 musa,
682 3892 715 3943 ut
729 3902 818 3961 quam
828 3884 993 3945 tardissime
1007 3884 1045 3944 de
1058 3904 1106 3944 me
1119 3886 1366 3965 pronunciasse.

274 3972 370 4054 idque
385 3974 516 4055 perfecit.
550 3972 589 4035 Et
598 3975 769 4055 municipes,
781 3977 831 4056 qui
839 3981 1050 4051 jursreramus,
1064 3986 1124 4036 tres
1136 3987 1168 4036 et
1181 3978 1367 4057 septuagiuts

273 4065 391 4127 suimus.
431 4066 583 4147 Cepimus
604 4076 701 4127 sutem
720 4066 795 4128 ierre
812 4068 952 4148 suffragia
965 4068 1123 4129 dmodm
1137 4088 1222 4137 seret
1234 4069 1365 4148 proinde

272 4159 390 4230 eccidit,
406 4178 471 4220 cum
487 4178 594 4221 numen
607 4178 703 4219 meum
717 4160 830 4231 citsret,
844 4169 878 4221 ut
892 4161 954 4241 jam
974 4160 1103 4221 enebre
1115 4172 1238 4221 esunt:
1256 4163 1365 4223 etenim

273 4260 443 4327 perventum
452 4250 515 4330 jeus
536 4261 599 4311 erat
617 4251 733 4313 circiter
752 4251 792 4310 ad
809 4251 1032 4333 sessgaimum,
1044 4262 1076 4313 et
1089 4263 1212 4313 rocstus
1227 4272 1295 4313 ssim
1312 4268 1365 4335 po-

273 4350 399 4402 strenus
412 4344 539 4404 omnium
554 4344 629 4405 inter
641 4364 702 4419 sos,
716 4342 767 4423 qui
781 4342 831 4404 ilio
850 4344 899 4405 die
913 4356 984 4408 sunt
994 4346 1102 4417 vocati,
1115 4356 1187 4407 nats
1200 4344 1364 4425 grandiori·

271 4434 329 4495 bas
342 4433 417 4495 intes
430 4434 592 4515 municipes
601 4437 663 4517 jsro
677 4436 706 4496 in
719 4448 807 4515 agros
819 4436 969 4517 digressis.
1001 4437 1165 4520 Gumenim
1175 4436 1363 4517 municipium
