2967 5017
281 353 322 408 ⁷4
563 319 571 339 '
617 347 662 407 nt
684 343 1020 410 crusrsnourau.

280 503 351 562 dum
362 501 436 582 leg'u
453 501 622 581 equitatem
635 501 757 562 tomus
771 501 916 562 muntia
936 510 993 572 eat,
1008 517 1067 560 uon
1080 497 1206 560 dicentia
1220 497 1261 556 im
1329 513 1393 556 en-

277 595 363 657 tiam.
1232 623 1240 630 ·

321 689 352 745 9.
371 687 442 746 lam
463 687 502 746 de
514 686 574 758 illa,
587 703 677 765 quam
692 685 912 746 Demosthenes
930 683 1184 765 inexpugnabilem
1199 681 1250 754 sit,
1267 681 1393 742 ratione

281 797 377 858 pauca
390 778 572 859 praemittam.
595 777 771 838 Diceteuim
785 777 852 852 iste,
867 795 939 858 ego
958 776 1066 836 muria
1085 773 1304 834 reficiendis
1326 793 1393 834 cu·

280 881 381 931 rator
416 891 504 944 sum,
530 871 658 941 fateor,
682 869 749 929 sed
780 869 897 929 ruinas
931 881 1075 930 centum
1110 866 1272 944 largitus
1300 865 1391 925 su'rn

282 963 435 1035 civitati,
458 973 569 1042 atque
596 979 684 1040 opus
708 960 793 1022 iude
829 961 984 1040 amplius
1010 960 1125 1020 multo
1147 956 1266 1018 effeci.
1309 959 1388 1018 Cu·

277 1058 336 1129 jus
358 1055 472 1133 igitur
496 1056 547 1113 rei
568 1052 652 1112 mibi
676 1053 771 1112 ratio
797 1053 994 1113 referenda
1020 1061 1086 1125 est,
1114 1050 1186 1109 nisi
1213 1049 1317 1114 forte
1351 1061 1390 1110 et

283 1149 551 1211 benevolentiae
584 1149 632 1206 rit
671 1146 766 1220 ratio
808 1146 931 1225 aliqua
966 1142 1181 1206 reserenda?
1225 1141 1387 1202 Adversus

282 1259 350 1300 eum
379 1250 477 1300 autem
503 1249 676 1318 praetextum
696 1237 797 1298 audita
824 1256 870 1298 me
891 1237 1002 1317 paucis,
1031 1255 1120 1314 quam
1140 1253 1227 1315 aequa
1246 1244 1280 1293 et
1298 1233 1388 1294 vobis

262 1321 365 1391 'utilia
385 1332 440 1390 sim
458 1331 603 1391 dicturus.
637 1331 672 1390 ln
692 1333 750 1390 hac
771 1330 847 1390 enim
868 1339 953 1389 tauta
971 1340 1001 1388 et
1021 1337 1081 1387 tam
1101 1327 1193 1386 veteri
1218 1325 1387 1405 republica,

222 1469 226 1474 -
281 1441 370 1484 nemo
383 1433 430 1484 est
443 1441 542 1482 eorum
555 1423 607 1500 qui
624 1421 663 1481 ad
677 1441 768 1500 remp.
789 1421 1053 1500 quomodocunque
1072 1418 1252 1478 accesserint
1271 1419 1322 1496 qui
1337 1439 1388 1478 re·

280 1515 466 1575 ferendarum
478 1507 623 1578 monum
629 1512 741 1592 judicio
755 1513 793 1572 sit
806 1513 929 1572 solutus.
954 1511 1047 1591 quue
1057 1529 1109 1571 sos
1123 1509 1158 1569 iis
1172 1509 1309 1569 edocebo
1324 1513 1385 1590 pri·

280 1627 360 1667 mum
371 1627 438 1684 quse
452 1606 595 1684 plerisque
614 1605 689 1665 mira
711 1605 875 1664 uideantur.
913 1602 1086 1682 Cujusmodi
1108 1611 1162 1672 est,
1177 1600 1257 1680 quod
1276 1603 1385 1682 Sacer·

280 1700 368 1760 dotes
381 1718 476 1759 mares
487 1699 671 1776 feminasque
691 1697 739 1757 lex
753 1697 914 1758 rationibus
932 1695 1090 1756 reddendis
1105 1693 1232 1773 subjicit,
1245 1704 1277 1754 et
1290 1697 1385 1772 gene·

280 1792 365 1851 ratim
387 1809 489 1851 omues
503 1799 535 1852 et
546 1809 781 1870 unumquemque
794 1789 953 1868 sigillatim,
971 1789 1021 1868 qui
1034 1787 1179 1848 duntaxat
1192 1788 1386 1848 honorarium

280 1885 401 1962 aliquod
413 1882 564 1963 accipiunt
576 1893 607 1942 et
618 1893 687 1943 sota
695 1902 748 1963 pro
762 1884 845 1942 vobis
855 1882 911 1942 diis
921 1881 1049 1940 iaciunt:
1071 1881 1160 1960 idque
1174 1898 1233 1939 nou
1243 1881 1385 1959 privatim

211 2007 220 2020 ·
280 1988 405 2047 anun,
417 1979 470 2038 sed
483 1976 675 2038 communiter
687 1978 775 2036 etiam
787 1987 866 2036 totas
877 1975 1012 2047 familias,
1024 1973 1225 2054 Eumolpidas,
1240 1975 1385 2056 Cerycas,

281 2068 313 2128 e't
325 2070 453 2148 reliquos
465 2089 577 2129 omnes.
599 2069 715 2130 Rursus
728 2067 915 2128 Trierarchos
930 2068 1071 2126 rationem
1085 2067 1208 2127 reddere
1225 2067 1277 2126 lex
1286 2069 1384 2147 jubet,

166 2179 170 2186 ’
280 2161 332 2239 qui
345 2179 440 2238 neque
460 2161 582 2240 publica
592 2169 764 2232 tractarunt,
778 2179 876 2238 neque
891 2179 908 2220 e
930 2158 1123 2238 vectigalibus
1137 2159 1241 2220 vestris
1255 2161 1383 2220 multum

282 2251 425 2324 suffirrati,
448 2253 585 2333 exiguum
611 2273 681 2314 vero
708 2252 850 2331 quiddam
873 2261 1071 2320 numerantes,
1091 2251 1189 2330 largiri
1209 2271 1243 2311 se
1269 2253 1307 2310 de
1327 2251 1382 2312 suo

283 2344 396 2417 dicunt,
406 2363 475 2403 cum
487 2356 586 2404 restra
597 2347 680 2405 uobis
693 2345 861 2415 restituunt,
875 2343 930 2403 sed
941 2344 992 2423 qui
1006 2343 1079 2403 citra
1089 2345 1319 2404 controversiam
1334 2365 1385 2424 pa·

280 2436 418 2494 aimonis
429 2455 484 2495 sua
494 2435 581 2494 vestri
595 2436 693 2495 studio
705 2437 936 2515 insumpserunt.
957 2434 1063 2516 Neque
1074 2455 1142 2496 vero
1155 2436 1306 2500 trierarchi
1317 2437 1381 2508 soli,
1465 2481 1466 2502 r

280 2525 336 2584 aad
349 2525 479 2584 maxima
493 2527 622 2585 omnium
636 2547 702 2606 quae
716 2527 745 2585 in
760 2527 876 2586 civitate
895 2536 964 2586 suut
981 2527 1116 2600 concilia,
1124 2527 1259 2608 judicum
1276 2529 1381 2588 suffra-
1464 2607 1465 2610 Ἴ

279 2618 362 2696 giam
381 2619 519 2678 subeunt.
550 2618 680 2678 Primum
700 2619 779 2678 enim
802 2618 1041 2699 Areopagiticum
1065 2619 1208 2678 Senatum
1220 2620 1311 2698 jubet
1334 2621 1381 2680 lex

280 2710 408 2770 mtioues
428 2730 499 2770 suas
518 2711 597 2791 apud
611 2710 767 2790 preelectus
785 2711 1000 2770 ratiociniorum
1020 2710 1136 2782 referre,
1150 2709 1275 2789 illosque
1290 2713 1382 2773 maxi-

281 2821 395 2861 marum
404 2813 435 2860 et
441 2803 677 2880 gravismmarum
686 2820 842 2862 causarum
856 2803 977 2860 arbitros
989 2803 1087 2860 vestro
1101 2803 1218 2882 subjicit
1228 2802 1380 2883 suffragio.
1462 2831 1463 2837 κ

199 2895 205 2908 ’
280 2895 483 2971 Nunquamne
501 2913 571 2970 ergo
586 2894 773 2954 coronabitur
791 2894 915 2952 Senatus
929 2891 1172 2972 Areopagitieusl
1192 2895 1269 2966 Non,
1285 2915 1381 2975 neque

279 2985 359 3043 enim
371 2985 429 3043 boc
441 2984 501 3042 illis
520 2986 647 3064 patrium
662 2995 714 3044 aut
726 2986 866 3044 usitatum
880 2992 936 3043 est.
971 2982 1040 3069 Non
1054 2985 1201 3046 ducuntur
1214 2987 1314 3050 studio
1328 2987 1380 3047 ho·

282 3075 383 3137 nonai
403 3076 561 3148 Ducuntur
582 3097 663 3147 sane,
685 3095 785 3135 verum
807 3094 866 3135 nen
887 3074 957 3134 satis
978 3075 1097 3148 habent,
1118 3077 1142 3134 si
1162 3078 1228 3156 quis
1248 3079 1329 3156 apud
1350 3100 1381 3138 se

281 3169 366 3247 ipsos·
375 3168 482 3226 nemini
497 3167 587 3227 iaciat
606 3167 751 3244 injuriam,
765 3166 819 3226 sed
840 3166 942 3245 siquis
958 3167 1121 3246 deliquerit,
1143 3169 1309 3247 castigant:
1331 3191 1379 3230 ve·

279 3260 335 3316 stri
349 3268 448 3316 autem
460 3268 591 3316 oratores
611 3257 730 3316 licentia
751 3255 919 3316 efferuntur.
955 3258 1101 3318 Praeterea
1121 3260 1262 3320 Senatum
1287 3261 1382 3330 Quin·
1435 3243 1442 3256 ¹

281 3358 435 3427 pantorum
449 3346 600 3425 legislator
612 3347 772 3408 referendis
786 3349 945 3410 rationibus
966 3351 1037 3412 lecit
1052 3353 1222 3424 obnoxium,
1238 3363 1327 3433 atquc
1345 3357 1379 3416 iis

281 3439 333 3520 qui
346 3439 473 3498 mannes
483 3439 613 3498 nondum
625 3440 789 3510 retulerunt
800 3461 893 3520 usque
907 3443 982 3518 adeo
996 3442 1109 3518 diffidit,
1122 3444 1267 3504 utstatim
1280 3445 1379 3526 legum
1456 3487 1457 3503 ,

282 3531 474 3592 initiodicat:
500 3532 748 3612 Magistratus
771 3535 982 3594 rationibus
1002 3555 1080 3595 non
1103 3535 1230 3596 relatis
1251 3556 1297 3597 ne
1322 3559 1380 3620 pe,
1455 3583 1456 3615 ,

283 3643 387 3704 regre
413 3623 669 3704 proficiscitur.
711 3623 761 3683 Dii
789 3625 873 3688 boni!
896 3627 1175 3706 exclametaliquis,
1196 3615 1275 3687 'eone
1299 3632 1379 3708 quod

281 3716 486 3795 magistratum
500 3718 590 3798 gessi,
601 3721 664 3776 'nou
677 3735 799 3796 peregre
819 3719 1007 3796 proficiscar?
1029 3720 1147 3792 Scilicet
1165 3739 1203 3800 pe
1217 3720 1381 3802 intercepta

281 3809 410 3890 pecuina
422 3808 541 3888 publica
554 3820 606 3868 aut
623 3810 747 3888 negotiis
765 3789 1165 3890 malowtu'fageii
1180 3799 1213 3872 te'
1231 3812 1378 3893 conjicias.
1453 3795 1454 3837 ¹

283 3902 399 3960 Rursus
414 3919 481 3959 eum
504 3901 554 3979 qui
575 3903 700 3962 rationes
720 3902 811 3962 debet
828 3921 923 3982 neque
943 3902 1099 3964 facultates
1116 3923 1186 3964 suas
1206 3893 1380 3966 consecrare
1452 3885 1453 3947 l

282 3993 362 4065 sinit,
389 4011 484 4070 neque
510 3991 632 4052 donans
652 3994 769 4073 templis
791 3983 980 4071 su'ependere,
1002 4013 1099 4073 neque
1119 3995 1263 4074 adoptari,
1284 4015 1379 4075 neque
1450 3987 1452 4059 i

280 4093 487 4144 testamentum
507 4082 612 4156 iacere,
626 4084 719 4146 aliave
730 4085 884 4164 permulta.
913 4087 980 4146 Uno
1004 4098 1037 4145 ut
1056 4087 1151 4147 dicam
1166 4089 1265 4160 serbo,
1279 4108 1378 4149 eorum
1449 4085 1451 4180 1

272 4175 398 4252 -quihoc
410 4175 521 4253 judicie
533 4186 671 4243 tenentur
682 4178 763 4237 bona
776 4176 924 4256 legislator
933 4179 963 4238 in
977 4178 1084 4259 pignus
1099 4179 1208 4259 arripit,
1224 4180 1324 4241 donec
1338 4182 1380 4242 ci·
1441 4206 1447 4227 ·

282 4264 364 4325 vitati
375 4269 516 4329 rationem
527 4268 687 4329 retulerint.
709 4269 790 4339 Esto,
805 4270 858 4330 sed
873 4271 990 4350 estqui
1005 4273 1181 4350 expecuuia
1194 4273 1379 4350 publicans·
1448 4295 1449 4298 ¹

274 4376 340 4436 ¹que
361 4359 484 4438 sumpsit
499 4360 654 4439 quicquam
676 4378 770 4439 neque
788 4361 950 4442 insumpsit,
973 4361 1011 4422 ad
1035 4363 1163 4443 aliquam
1181 4371 1282 4422 tamen
1305 4365 1377 4444 reip.

147 4489 160 4512 .
249 4467 255 4476 ·
282 4449 410 4511 accessit
429 4459 553 4529 partem.
589 4451 684 4513 Etiam
697 4452 775 4513 hunc
784 4453 870 4532 jubet
882 4453 929 4514 lex
944 4454 1070 4516 rationes
1083 4456 1189 4516 referre
1207 4456 1287 4535 apud
1309 4475 1378 4536 pra-
