2967 5017
365 386 367 389 -
438 349 611 411 concas
630 341 900 406 rimanorum.
1179 347 1217 404 ae
1316 411 1320 420 ,

117 499 317 561 Conuderate
331 503 501 571 ualentius,
515 500 720 571 Athenienses,
730 509 905 579 quaspoeta
912 498 1032 576 pmiert.
1057 496 1107 556 Ait
1114 516 1146 557 se
1155 499 1218 576 jam

115 592 280 652 muitarum
293 613 390 652 rerum
398 592 490 652 fuisse
498 593 734 670 disceptatorem,
747 604 780 651 ut
792 605 823 652 et
833 612 884 652 ros
894 609 972 648 nnnc
982 589 1112 667 judices:
1127 609 1217 669 seque

116 686 228 744 casem
234 685 348 764 judicia
360 706 419 746 non
433 685 643 756 atestimooiis,
658 685 713 744 sed
727 705 744 743 e
760 685 863 744 studiis
873 682 1160 752 et'famiiiaritatibus
1175 683 1218 742 fe-

34 819 41 826 .
116 775 217 837 elsae:
240 778 309 839 illuc
330 779 532 856 respicientem
546 797 612 855 quae
626 778 728 838 iuuset
744 799 794 838 reo
813 777 992 856 quotidianae
1004 775 1073 833 vitae
1093 793 1219 835 consue-

116 869 205 938 tudo,
220 880 252 929 et
264 882 298 930 ut
310 891 394 932 suam
405 871 541 930 familiam
553 872 748 949 gubernasset
760 889 768 927 t
789 869 875 950 quasi
885 868 988 928 eodem
1000 867 1130 928 modoet
1142 871 1217 931 rem-⁴

115 961 267 1036 publicam
294 975 375 1024 esset
399 963 671 1024 administraturus:
691 972 724 1020 et
746 981 870 1040 quorum
899 959 1075 1019 commercio
1098 961 1218 1037 gavisus

114 1065 208 1126 esset,
223 1055 348 1134 denique
361 1057 553 1135 pronunciare
567 1047 627 1114 non
645 1054 771 1126 dubitat,
792 1055 881 1114 talem
900 1071 967 1111 eum
985 1069 1061 1122 esre,
1081 1052 1183 1128 quales
1198 1052 1217 1110 ii
1313 1087 1316 1092 ·

118 1142 191 1215 sint,
208 1167 334 1227 quorum
348 1149 565 1218 consuetudine
586 1147 758 1205 delectetur.
782 1146 909 1223 AEquum
932 1145 1020 1222 igitur
1036 1153 1092 1214 est,
1106 1163 1160 1203 vos
1175 1145 1214 1203 de

116 1237 276 1300 Timarcho
303 1241 390 1300 etiam
415 1242 521 1307 iisdem
538 1259 606 1298 cum
628 1238 768 1318 Euripide
792 1238 1026 1296 minationibus.
1061 1237 1217 1302 Quornodu
1318 1251 1323 1259 ·

113 1352 204 1393 suam
217 1355 278 1395 rem
295 1336 468 1394 familiarem
488 1335 620 1394 curarit?
642 1332 853 1394 Patrimonium
865 1344 896 1393 et
917 1351 1001 1395 snum
1015 1343 1046 1391 et
1058 1335 1216 1406 amicorum

114 1443 170 1501 per
187 1425 290 1484 luxum
300 1427 474 1506 absumpsit,
491 1425 650 1505 prostituta
663 1427 797 1487 mercede
811 1425 960 1506 pudicitia,
978 1425 1163 1502 acceptisque
1177 1429 1215 1487 ob

114 1535 180 1574 rem
191 1517 381 1592 judicandam
395 1520 562 1579 muneribus
582 1521 680 1580 omnia
695 1531 822 1580 strenue·
834 1519 971 1587 confecit,
991 1528 1023 1575 ut
1040 1516 1110 1574 nihil
1130 1517 1156 1575 ei
1178 1519 1218 1579 sit

114 1608 262 1685 reliquum
284 1621 391 1690 praeter
404 1613 533 1673 dedecus
541 1603 561 1669 i*
574 1614 669 1692 Cujus
690 1623 787 1671 autem
803 1609 1015 1671 consuetudine
1034 1610 1218 1669 delectatur?

117 1697 318 1777 Hagesandri.
340 1703 527 1782 llegesandri
541 1723 627 1784 porro
641 1703 741 1764 studia
756 1721 822 1782 qum
836 1703 926 1762 santi
948 1703 1001 1773 Ea,
1020 1711 1215 1779 propterque

116 1789 234 1868 legibus
256 1793 477 1859 aconcionibns
493 1795 637 1856 habendis
651 1796 812 1874 repellitur.
844 1795 909 1871 Ego
923 1811 991 1852 vero
1006 1791 1043 1851 de
1063 1793 1217 1853 Timarcho

116 1882 293 1958 quid-dico?
314 1885 356 1945 Et
367 1903 500 1964 quianam
519 1887 557 1944 ad
577 1897 733 1964 praetorem
747 1883 854 1946 retulll
877 1883 922 1943 Ne
939 1885 1097 1944 conciones
1110 1884 1217 1946 habeat

118 1973 305 2049 Timarchus,
317 1979 457 2058 pudicitia
465 1980 633 2058 prostituta,
643 1993 674 2039 et
683 2001 734 2059 per
746 1981 848 2041 luxum
866 1980 1022 2057 absumpto
1034 1976 1216 2056 patrimonio.

117 2069 180 2130 Vos
190 2075 262 2149 quid
270 2075 415 2152 jurastis?
435 2075 484 2134 De
496 2076 532 2135 iis
541 2077 629 2133 rebus
639 2064 891 2154 pronunciaturos,
906 2081 977 2152 quae'
987 2074 1017 2133 in
1027 2074 1214 2136 accusatione

117 2166 298 2243 praescriptae
314 2167 383 2228 sint.

161 2255 211 2313 31.
232 2255 279 2313 Ne
297 2270 369 2315 vero
387 2267 539 2335 poetamm
561 2259 736 2319 anctoritate
750 2245 930 2336 inculcanda
943 2260 997 2317 sim
1012 2258 1161 2337 prolixior,
1174 2261 1216 2318 vi-

118 2365 215 2404 rorum
235 2347 331 2406 dicam
351 2350 509 2419 seniorum,
526 2360 721 2429 uotorumque
741 2351 825 2410 robis
848 2351 977 2422 nomina,
993 2351 1216 2412 adolescentum

117 2438 187 2497 item
197 2450 233 2498 ‘et
246 2457 412 2519 puerorum,
430 2458 555 2520 quorum
572 2442 621 2502 alii
633 2445 672 2502 ob
690 2443 792 2501 formae
805 2452 989 2502 venustatem
1002 2445 1110 2503 multos
1121 2445 1214 2503 habu-

118 2542 204 2589 erunt
217 2544 372 2604 amatores,
388 2533 436 2591 alii
457 2553 508 2612 per
525 2543 642 2593 aetatem
662 2555 742 2618 nunc
763 2525 851 2593 etiam
870 2535 997 2595 habent:
1017 2555 1140 2613 quorum
1164 2557 1216 2596 ne-

117 2622 189 2681 mini
199 2615 328 2701 unquam
342 2624 443 2684 eadem
457 2645 524 2703 qum
538 2625 695 2685 Timarcho
708 2627 829 2686 crimina
840 2637 910 2687 sunt
919 2628 1044 2706 objecta.
1064 2629 1214 2688 Vicissim-

116 2817 206 2886 teque
217 2807 420 2869 indulserunt:
442 2820 541 2870 utros
554 2829 655 2869 eorum
674 2811 830 2884 recordati,
852 2810 1038 2869 Timarchum
1059 2811 1088 2868 in
1107 2830 1214 2870 conve-

116 2900 245 2959 aientem
261 2903 287 2960 ei
301 2898 433 2961 ordinem
447 2903 605 2982 reponatis.
628 2903 758 2962 Primum
774 2914 870 2962 autem
884 2903 1118 2962 commemorabo
1132 2904 1214 2982 iugc·
1246 2955 1248 2968 .
1303 2931 1306 2938 ·

117 3007 242 3050 auorum
262 2994 389 3065 nomina,
413 2995 462 3072 qui
483 3003 601 3054 aetatem
624 2995 749 3054 honeste
770 2999 943 3074 exegerunt.
983 2993 1094 3063 Nostis,
1122 2995 1214 3055 Athe·

118 3083 247 3154 nienses,
264 3086 414 3144 Critonem
428 3087 581 3166 Astyochi,
595 3097 625 3146 et
639 3085 814 3146 Periclidem
828 3086 1003 3146 Perlshoeda
1018 3085 1063 3158 F,
1078 3095 1108 3144 et
1125 3080 1211 3147 Pole-

117 3191 281 3255 magonem,
292 3187 324 3238 et
334 3178 557 3238 Pantaleontem
568 3178 721 3257 Cleagorm
733 3177 779 3249 F,
790 3187 823 3236 et
835 3177 1042 3237 'limesitbeum
1055 3195 1213 3252 cursorem,

119 3269 167 3346 qul
189 3289 248 3329 non
270 3269 376 3329 civium
397 3270 553 3341 duntaxat,
569 3269 622 3330 sed
637 3280 668 3329 et
681 3269 853 3329 Graecorum
871 3269 1000 3329 omnium
1012 3269 1213 3333 formosissimi
1227 3341 1231 3351 ,

120 3364 245 3434 fuerunt,
270 3373 360 3440 atque
383 3372 530 3422 amatores
557 3360 697 3441 plurimos
725 3371 755 3420 et
778 3361 1010 3420 modestissimos
1031 3362 1212 3424 habuerunt:
1316 3419 1320 3430 ,

119 3465 216 3514 tamen
228 3470 314 3514 nemo
329 3455 459 3532 unquam
471 3474 521 3514 eos
534 3454 719 3534 vituperavit.
742 3455 858 3514 Rursus
873 3473 910 3514 ex
924 3451 1171 3528 adolescentibus,
1185 3465 1216 3516 et

118 3543 151 3605 lls
161 3548 210 3625 qui
220 3547 308 3607 etiam
317 3567 397 3607 nunc
406 3549 482 3607 inter
492 3567 597 3628 pueros
608 3554 775 3620 censentur,
784 3547 907 3626 primum
918 3547 1069 3624 Iphicratis
1080 3567 1115 3604 ex
1124 3546 1212 3608 fratre

118 3651 264 3719 nepotem,
286 3640 374 3699 Tisias
392 3641 564 3699 Rhamnusii
581 3639 630 3709 ll„
651 3639 806 3702 Timarcho
833 3659 912 3696 nunc
933 3657 983 3696 reo
998 3640 1211 3716 cognominem,

118 3732 245 3811 quicum
259 3735 298 3792 sit
311 3732 438 3796 decorus
452 3733 605 3812 adspectu,
613 3739 728 3790 tantum
738 3733 823 3791 abest
835 3751 853 3789 a
864 3727 1052 3808 turpitudine,
1065 3740 1099 3788 nt
1109 3749 1211 3810 nuper,

119 3841 185 3883 cnm
198 3825 229 3883 ln
247 3826 422 3885 suburbanis
437 3823 672 3884 Bacchanalibus
690 3823 842 3884 comoedioe
863 3822 893 3880 in
908 3821 1028 3902 Colytto
1048 3819 1213 3899 agerentur,

119 3927 148 3977 ot
157 3917 300 3977 Parmeno
312 3917 550 3977 comicushistrio
561 3917 684 3977 dixisset
693 3917 732 3977 ad
742 3926 851 3976 coetum
861 3933 978 3974 versum
989 3915 1213 3993 anapaesticum:

118 4024 181 4069 esse
192 4010 339 4088 quosdam
346 4028 471 4089 magnos
481 4009 645 4082 catamitos,
655 4005 951 4068 Timarchoaimiles:
967 4023 1053 4065 nemo
1062 4005 1092 4066 id
1102 4007 1131 4065 in
1141 4008 1213 4068 ado·

117 4101 286 4174 leicentem,
300 4103 354 4163 sed
368 4103 399 4161 in'
411 4111 442 4162 te
452 4107 554 4162 omnes
571 4101 631 4162 dici
643 4100 782 4181 putarint.
805 4099 888 4158 Adeo
901 4097 979 4157 illius
994 4095 1084 4158 studii
1096 4101 1213 4164 crevisti

117 4192 316 4253 heleditatem.
338 4194 484 4253 Anticlem
498 4213 585 4274 porro
599 4213 759 4264 cursorem,
774 4198 804 4250 et
814 4191 949 4250 Phidiam
964 4189 1211 4254 MilesiiTratrem.

118 4281 193 4342 thm
207 4295 304 4344 autem
319 4284 428 4344 multos
450 4284 545 4344 adhuc
558 4285 698 4345 haberem
715 4281 998 4356 commemorandos,
1013 4281 1154 4356 desinam,
1174 4307 1211 4348 uc

118 4375 312 4437 deindustria
323 4375 447 4454 gratiam
459 4377 575 4437 illorum
588 4377 690 4455 videar
704 4375 854 4455 aucupari.
875 4375 942 4434 Jam
957 4373 994 4435 de
1007 4373 1065 4435 illis
1079 4377 1129 4456 qui
1143 4383 1212 4438 sunt

118 4457 269 4530 marcha
289 4468 408 4542 similes,
431 4469 565 4546 quamvis
579 4465 743 4528 inimicitias
759 4465 881 4544 fugiam,
897 4473 995 4526 tamen
1017 4486 1115 4526 eorum
1138 4480 1212 4544 quot
