<?xml version="1.0" encoding="UTF-8"?>
<!DOCTYPE html PUBLIC "-//W3C//DTD XHTML 1.0 Transitional//EN"
    "http://www.w3.org/TR/xhtml1/DTD/xhtml1-transitional.dtd">
<html xmlns="http://www.w3.org/1999/xhtml" xml:lang="en" lang="en">
 <head>
  <title>
</title>
<meta http-equiv="Content-Type" content="text/html;charset=utf-8" />
  <meta name='ocr-system' content='tesseract 3.04.00' />
  <meta name='ocr-capabilities' content='ocr_page ocr_carea ocr_par ocr_line ocrx_word'/>
</head>
<body>
  <div class='ocr_page' id='page_1' title='image "./oratoresatticie00dupogoog_0230.png"; bbox 0 0 2967 5017; ppageno 0'>
   <div class='ocr_carea' id='block_1_1' title="bbox 279 334 1097 417">
    <p class='ocr_par' dir='ltr' id='par_1_1' title="bbox 279 334 1097 417">
     <span class='ocr_line' id='line_1_1' title="bbox 279 334 1097 417; baseline -0.007 -18"><span class='ocrx_word' id='word_1_1' title='bbox 279 340 339 399; x_wconf 81' lang='grc' dir='ltr'><strong>ιιι</strong></span> <span class='ocrx_word' id='word_1_2' title='bbox 480 410 484 417; x_wconf 39' lang='grc'><em>,</em></span> <span class='ocrx_word' id='word_1_3' title='bbox 556 334 724 397; x_wconf 77' lang='lat' dir='ltr'><strong>coneus</strong></span> <span class='ocrx_word' id='word_1_4' title='bbox 745 334 1097 397; x_wconf 81' lang='lat' dir='ltr'><strong>nrorrvsononrrrr.</strong></span> 
     </span>
    </p>
   </div>
   <div class='ocr_carea' id='block_1_2' title="bbox 279 484 1378 666">
    <p class='ocr_par' dir='ltr' id='par_1_2' title="bbox 279 484 1378 666">
     <span class='ocr_line' id='line_1_2' title="bbox 280 484 1378 575; baseline -0.006 -21"><span class='ocrx_word' id='word_1_5' title='bbox 280 494 369 575; x_wconf 87' lang='lat' dir='ltr'><strong>phsm</strong></span> <span class='ocrx_word' id='word_1_6' title='bbox 387 500 479 553; x_wconf 85' lang='lat' dir='ltr'><strong>totam</strong></span> <span class='ocrx_word' id='word_1_7' title='bbox 493 510 552 552; x_wconf 90' lang='lat' dir='ltr'><strong>uon</strong></span> <span class='ocrx_word' id='word_1_8' title='bbox 566 492 750 557; x_wconf 84' lang='lat' dir='ltr'><strong>shoisremus</strong></span> <span class='ocrx_word' id='word_1_9' title='bbox 762 502 796 551; x_wconf 85' lang='lat' dir='ltr'><strong>ut</strong></span> <span class='ocrx_word' id='word_1_10' title='bbox 807 491 872 572; x_wconf 86' lang='lat' dir='ltr'><strong>ipso</strong></span> <span class='ocrx_word' id='word_1_11' title='bbox 891 490 1061 563; x_wconf 69' lang='lat' dir='ltr'><strong>nudabat,</strong></span> <span class='ocrx_word' id='word_1_12' title='bbox 1074 484 1236 548; x_wconf 67' lang='lat' dir='ltr'><strong>nemone</strong></span> <span class='ocrx_word' id='word_1_13' title='bbox 1245 486 1309 565; x_wconf 73' lang='lat' dir='ltr'><strong>iarn</strong></span> <span class='ocrx_word' id='word_1_14' title='bbox 1321 500 1378 547; x_wconf 81' lang='lat' dir='ltr'><strong>au·</strong></span> 
     </span>
     <span class='ocr_line' id='line_1_3' title="bbox 279 578 1377 666; baseline -0.007 -19"><span class='ocrx_word' id='word_1_15' title='bbox 279 606 349 649; x_wconf 82' lang='lat' dir='ltr'><strong>nuru</strong></span> <span class='ocrx_word' id='word_1_16' title='bbox 363 594 465 649; x_wconf 80' lang='lat' dir='ltr'><strong>nostm</strong></span> <span class='ocrx_word' id='word_1_17' title='bbox 481 585 572 647; x_wconf 83' lang='lat' dir='ltr'><strong>habet</strong></span> <span class='ocrx_word' id='word_1_18' title='bbox 590 597 621 646; x_wconf 90' lang='lat' dir='ltr'><strong>et</strong></span> <span class='ocrx_word' id='word_1_19' title='bbox 632 585 767 666; x_wconf 81' lang='lat' dir='ltr'><strong>pecuniis</strong></span> <span class='ocrx_word' id='word_1_20' title='bbox 782 584 883 657; x_wconf 87' lang='lat' dir='ltr'><strong>utitur,</strong></span> <span class='ocrx_word' id='word_1_21' title='bbox 896 594 927 645; x_wconf 89' lang='lat' dir='ltr'><strong>et</strong></span> <span class='ocrx_word' id='word_1_22' title='bbox 940 582 1020 664; x_wconf 83' lang='lat' dir='ltr'><strong>quod</strong></span> <span class='ocrx_word' id='word_1_23' title='bbox 1033 591 1081 643; x_wconf 87' lang='lat' dir='ltr'><strong>est</strong></span> <span class='ocrx_word' id='word_1_24' title='bbox 1092 579 1221 641; x_wconf 84' lang='lat' dir='ltr'><strong>omnium</strong></span> <span class='ocrx_word' id='word_1_25' title='bbox 1234 578 1377 658; x_wconf 71' lang='lat' dir='ltr'><strong>gravissi·</strong></span> 
     </span>
    </p>
   </div>
   <div class='ocr_carea' id='block_1_3' title="bbox 279 668 1378 854">
    <p class='ocr_par' dir='ltr' id='par_1_3' title="bbox 279 668 1378 854">
     <span class='ocr_line' id='line_1_4' title="bbox 279 668 1378 761; baseline -0.011 -18"><span class='ocrx_word' id='word_1_26' title='bbox 279 700 370 755; x_wconf 82' lang='lat' dir='ltr'><strong>mum,</strong></span> <span class='ocrx_word' id='word_1_27' title='bbox 380 680 512 754; x_wconf 78' lang='lat' dir='ltr'><strong>iudices,</strong></span> <span class='ocrx_word' id='word_1_28' title='bbox 526 681 588 761; x_wconf 88' lang='lat' dir='ltr'><strong>ipse</strong></span> <span class='ocrx_word' id='word_1_29' title='bbox 601 682 638 741; x_wconf 88' lang='lat' dir='ltr'><strong>eb</strong></span> <span class='ocrx_word' id='word_1_30' title='bbox 652 680 716 739; x_wconf 86' lang='lat' dir='ltr'><strong>eliis</strong></span> <span class='ocrx_word' id='word_1_31' title='bbox 729 678 960 739; x_wconf 78' lang='lat' dir='ltr'><strong>ncvslosusuns</strong></span> <span class='ocrx_word' id='word_1_32' title='bbox 971 676 1110 756; x_wconf 74' lang='lat' dir='ltr'><strong>erigitdc</strong></span> <span class='ocrx_word' id='word_1_33' title='bbox 1123 683 1226 733; x_wconf 73' lang='lat' dir='ltr'><strong>nocua</strong></span> <span class='ocrx_word' id='word_1_34' title='bbox 1236 668 1378 751; x_wconf 79' lang='lat' dir='ltr'><strong>pecunia.</strong></span> 
     </span>
     <span class='ocr_line' id='line_1_5' title="bbox 279 762 1376 854; baseline -0.013 -20"><span class='ocrx_word' id='word_1_35' title='bbox 279 793 367 854; x_wconf 87' lang='lat' dir='ltr'><strong>quam</strong></span> <span class='ocrx_word' id='word_1_36' title='bbox 381 792 441 833; x_wconf 90' lang='lat' dir='ltr'><strong>non</strong></span> <span class='ocrx_word' id='word_1_37' title='bbox 455 773 577 833; x_wconf 75' lang='lat' dir='ltr'>Athenis</span> <span class='ocrx_word' id='word_1_38' title='bbox 590 771 733 832; x_wconf 75' lang='lat' dir='ltr'><strong>mutuavit</strong></span> <span class='ocrx_word' id='word_1_39' title='bbox 745 790 800 831; x_wconf 87' lang='lat' dir='ltr'><strong>nec</strong></span> <span class='ocrx_word' id='word_1_40' title='bbox 814 770 956 841; x_wconf 75' lang='lat' dir='ltr'>Athenas,</span> <span class='ocrx_word' id='word_1_41' title='bbox 971 770 1024 830; x_wconf 84' lang='lat' dir='ltr'><strong>aed</strong></span> <span class='ocrx_word' id='word_1_42' title='bbox 1039 766 1179 829; x_wconf 79' lang='lat' dir='ltr'><strong>Rhodum</strong></span> <span class='ocrx_word' id='word_1_43' title='bbox 1191 774 1224 825; x_wconf 88' lang='lat' dir='ltr'><strong>et</strong></span> <span class='ocrx_word' id='word_1_44' title='bbox 1237 763 1268 822; x_wconf 92' lang='lat' dir='ltr'><strong>in</strong></span> <span class='ocrx_word' id='word_1_45' title='bbox 1282 762 1376 844; x_wconf 69' lang='lat' dir='ltr'><strong>Egy-</strong></span> 
     </span>
    </p>
   </div>
   <div class='ocr_carea' id='block_1_4' title="bbox 183 856 1377 948">
    <p class='ocr_par' dir='ltr' id='par_1_4' title="bbox 183 856 1377 948">
     <span class='ocr_line' id='line_1_6' title="bbox 183 856 1377 948; baseline -0.009 -21"><span class='ocrx_word' id='word_1_46' title='bbox 183 882 186 889; x_wconf 83' lang='lat'><em>·</em></span> <span class='ocrx_word' id='word_1_47' title='bbox 280 876 374 948; x_wconf 84' lang='lat' dir='ltr'><strong>ptum,</strong></span> <span class='ocrx_word' id='word_1_48' title='bbox 389 864 473 924; x_wconf 87' lang='lat' dir='ltr'><strong>nobis</strong></span> <span class='ocrx_word' id='word_1_49' title='bbox 486 882 556 926; x_wconf 86' lang='lat' dir='ltr'><strong>vero</strong></span> <span class='ocrx_word' id='word_1_50' title='bbox 570 864 622 944; x_wconf 89' lang='lat' dir='ltr'><strong>qui</strong></span> <span class='ocrx_word' id='word_1_51' title='bbox 642 864 673 923; x_wconf 90' lang='lat' dir='ltr'><strong>in</strong></span> <span class='ocrx_word' id='word_1_52' title='bbox 691 873 820 924; x_wconf 84' lang='lat' dir='ltr'><strong>restrum</strong></span> <span class='ocrx_word' id='word_1_53' title='bbox 832 872 992 923; x_wconf 83' lang='lat' dir='ltr'><strong>mereatum</strong></span> <span class='ocrx_word' id='word_1_54' title='bbox 1005 860 1199 920; x_wconf 70' lang='lat' dir='ltr'><strong>mutuavimus</strong></span> <span class='ocrx_word' id='word_1_55' title='bbox 1212 856 1288 919; x_wconf 79' lang='lat' dir='ltr'><strong>nihii</strong></span> <span class='ocrx_word' id='word_1_56' title='bbox 1298 856 1377 935; x_wconf 78' lang='lat' dir='ltr'><strong>requi</strong></span> 
     </span>
    </p>
   </div>
   <div class='ocr_carea' id='block_1_5' title="bbox 226 949 1379 1039">
    <p class='ocr_par' dir='ltr' id='par_1_5' title="bbox 226 949 1379 1039">
     <span class='ocr_line' id='line_1_7' title="bbox 226 949 1379 1039; baseline -0.006 -21"><span class='ocrx_word' id='word_1_57' title='bbox 226 984 229 991; x_wconf 51' lang='lat'><strong>⁴</strong></span> <span class='ocrx_word' id='word_1_58' title='bbox 279 956 481 1039; x_wconf 63' lang='lat' dir='ltr'><strong>prestandum</strong></span> <span class='ocrx_word' id='word_1_59' title='bbox 493 966 605 1017; x_wconf 82' lang='lat' dir='ltr'><strong>censet.</strong></span> <span class='ocrx_word' id='word_1_60' title='bbox 648 955 723 1016; x_wconf 70' lang='lat' dir='ltr'><strong>Hoc</strong></span> <span class='ocrx_word' id='word_1_61' title='bbox 741 967 776 1015; x_wconf 88' lang='lat' dir='ltr'><strong>nt</strong></span> <span class='ocrx_word' id='word_1_62' title='bbox 798 976 817 1015; x_wconf 90' lang='lat' dir='ltr'><strong>a</strong></span> <span class='ocrx_word' id='word_1_63' title='bbox 835 953 1032 1016; x_wconf 68' lang='lat' dir='ltr'><strong>norandini</strong></span> <span class='ocrx_word' id='word_1_64' title='bbox 1045 960 1174 1023; x_wconf 59' lang='lat' dir='ltr'><strong>consta,</strong></span> <span class='ocrx_word' id='word_1_65' title='bbox 1188 949 1379 1013; x_wconf 71' lang='lat' dir='ltr'><strong>recitabimus</strong></span> 
     </span>
    </p>
   </div>
   <div class='ocr_carea' id='block_1_6' title="bbox 164 1045 1104 1129">
    <p class='ocr_par' dir='ltr' id='par_1_6' title="bbox 164 1045 1104 1129">
     <span class='ocr_line' id='line_1_8' title="bbox 164 1045 1104 1129; baseline -0.006 -20"><span class='ocrx_word' id='word_1_66' title='bbox 164 1102 169 1109; x_wconf 92' lang='lat'><em>.</em></span> <span class='ocrx_word' id='word_1_67' title='bbox 280 1050 364 1111; x_wconf 85' lang='lat' dir='ltr'><strong>vobis</strong></span> <span class='ocrx_word' id='word_1_68' title='bbox 377 1048 621 1129; x_wconf 75' lang='lat' dir='ltr'><strong>protocationcm,</strong></span> <span class='ocrx_word' id='word_1_69' title='bbox 633 1067 692 1126; x_wconf 85' lang='lat' dir='ltr'><strong>qua</strong></span> <span class='ocrx_word' id='word_1_70' title='bbox 703 1047 769 1107; x_wconf 79' lang='lat' dir='ltr'><strong>brec</strong></span> <span class='ocrx_word' id='word_1_71' title='bbox 781 1048 820 1107; x_wconf 85' lang='lat' dir='ltr'><strong>ab</strong></span> <span class='ocrx_word' id='word_1_72' title='bbox 832 1068 869 1107; x_wconf 90' lang='lat' dir='ltr'><strong>eo</strong></span> <span class='ocrx_word' id='word_1_73' title='bbox 883 1045 1104 1127; x_wconf 83' lang='lat' dir='ltr'><strong>postulavimus.</strong></span> 
     </span>
    </p>
   </div>
   <div class='ocr_carea' id='block_1_7' title="bbox 681 1276 962 1341">
    <p class='ocr_par' dir='ltr' id='par_1_7' title="bbox 681 1276 962 1341">
     <span class='ocr_line' id='line_1_9' title="bbox 681 1276 962 1341; baseline -0.026 0"><span class='ocrx_word' id='word_1_74' title='bbox 681 1276 962 1341; x_wconf 85' lang='lat' dir='ltr'>PROVOCATIO.</span> 
     </span>
    </p>
   </div>
   <div class='ocr_carea' id='block_1_8' title="bbox 278 1418 1378 4555">
    <p class='ocr_par' dir='ltr' id='par_1_8' title="bbox 279 1418 1377 2147">
     <span class='ocr_line' id='line_1_10' title="bbox 282 1418 1377 1528; baseline -0.002 -44"><span class='ocrx_word' id='word_1_75' title='bbox 282 1424 331 1485; x_wconf 78' lang='lat' dir='ltr'><strong>Ad</strong></span> <span class='ocrx_word' id='word_1_76' title='bbox 352 1424 432 1484; x_wconf 88' lang='lat' dir='ltr'><strong>hunc</strong></span> <span class='ocrx_word' id='word_1_77' title='bbox 450 1422 583 1519; x_wconf 84' lang='lat' dir='ltr'><strong>modum,</strong></span> <span class='ocrx_word' id='word_1_78' title='bbox 602 1420 736 1495; x_wconf 73' lang='lat' dir='ltr'><strong>iudices,</strong></span> <span class='ocrx_word' id='word_1_79' title='bbox 750 1438 817 1481; x_wconf 89' lang='lat' dir='ltr'><strong>cum</strong></span> <span class='ocrx_word' id='word_1_80' title='bbox 839 1418 1074 1499; x_wconf 68' lang='lat' dir='ltr'><strong>Dionysodorum</strong></span> <span class='ocrx_word' id='word_1_81' title='bbox 1092 1436 1170 1497; x_wconf 80' lang='lat' dir='ltr'><strong>saepe</strong></span> <span class='ocrx_word' id='word_1_82' title='bbox 1186 1436 1377 1528; x_wconf 79' lang='lat' dir='ltr'><strong>provocasse·</strong></span> 
     </span>
     <span class='ocr_line' id='line_1_11' title="bbox 281 1490 1377 1595; baseline -0.003 -18"><span class='ocrx_word' id='word_1_83' title='bbox 281 1536 358 1589; x_wconf 84' lang='lat' dir='ltr'><strong>usus,</strong></span> <span class='ocrx_word' id='word_1_84' title='bbox 371 1526 403 1576; x_wconf 84' lang='lat' dir='ltr'><strong>et</strong></span> <span class='ocrx_word' id='word_1_85' title='bbox 422 1535 473 1594; x_wconf 89' lang='lat' dir='ltr'><strong>per</strong></span> <span class='ocrx_word' id='word_1_86' title='bbox 497 1490 662 1595; x_wconf 85' lang='lat' dir='ltr'><strong>complures</strong></span> <span class='ocrx_word' id='word_1_87' title='bbox 684 1514 748 1575; x_wconf 86' lang='lat' dir='ltr'><strong>dies</strong></span> <span class='ocrx_word' id='word_1_88' title='bbox 768 1513 1005 1593; x_wconf 80' lang='lat' dir='ltr'><strong>provocationem</strong></span> <span class='ocrx_word' id='word_1_89' title='bbox 1022 1511 1282 1590; x_wconf 86' lang='lat' dir='ltr'><strong>proposuissemus,</strong></span> <span class='ocrx_word' id='word_1_90' title='bbox 1301 1515 1377 1574; x_wconf 86' lang='lat' dir='ltr'><strong>sirn-</strong></span> 
     </span>
     <span class='ocr_line' id='line_1_12' title="bbox 280 1604 1377 1691; baseline -0.005 -21"><span class='ocrx_word' id='word_1_91' title='bbox 280 1610 371 1691; x_wconf 84' lang='lat' dir='ltr'><strong>piices</strong></span> <span class='ocrx_word' id='word_1_92' title='bbox 390 1627 445 1669; x_wconf 88' lang='lat' dir='ltr'><strong>nos</strong></span> <span class='ocrx_word' id='word_1_93' title='bbox 463 1609 581 1688; x_wconf 85' lang='lat' dir='ltr'><strong>penitus</strong></span> <span class='ocrx_word' id='word_1_94' title='bbox 601 1608 643 1669; x_wconf 85' lang='lat' dir='ltr'><strong>ait</strong></span> <span class='ocrx_word' id='word_1_95' title='bbox 663 1626 729 1668; x_wconf 82' lang='lat' dir='ltr'><strong>esse</strong></span> <span class='ocrx_word' id='word_1_96' title='bbox 750 1606 894 1681; x_wconf 88' lang='lat' dir='ltr'><strong>homines,</strong></span> <span class='ocrx_word' id='word_1_97' title='bbox 907 1604 932 1665; x_wconf 87' lang='lat' dir='ltr'><strong>si</strong></span> <span class='ocrx_word' id='word_1_98' title='bbox 951 1614 1123 1684; x_wconf 89' lang='lat' dir='ltr'><strong>putaremus</strong></span> <span class='ocrx_word' id='word_1_99' title='bbox 1142 1606 1327 1684; x_wconf 79' lang='lat' dir='ltr'><strong>usqueadeo</strong></span> <span class='ocrx_word' id='word_1_100' title='bbox 1342 1626 1377 1666; x_wconf 84' lang='lat' dir='ltr'><strong>sa</strong></span> 
     </span>
     <span class='ocr_line' id='line_1_13' title="bbox 279 1693 1376 1774; baseline -0.004 -11"><span class='ocrx_word' id='word_1_101' title='bbox 279 1701 527 1763; x_wconf 84' lang='lat' dir='ltr'><strong>inconsideratum</strong></span> <span class='ocrx_word' id='word_1_102' title='bbox 548 1719 623 1773; x_wconf 85' lang='lat' dir='ltr'><strong>esse,</strong></span> <span class='ocrx_word' id='word_1_103' title='bbox 636 1709 670 1760; x_wconf 90' lang='lat' dir='ltr'><strong>ut</strong></span> <span class='ocrx_word' id='word_1_104' title='bbox 689 1700 728 1759; x_wconf 90' lang='lat' dir='ltr'><strong>ad</strong></span> <span class='ocrx_word' id='word_1_105' title='bbox 750 1699 888 1759; x_wconf 80' lang='lat' dir='ltr'><strong>arbitrum</strong></span> <span class='ocrx_word' id='word_1_106' title='bbox 907 1698 972 1771; x_wconf 77' lang='lat' dir='ltr'><strong>iret,</strong></span> <span class='ocrx_word' id='word_1_107' title='bbox 986 1714 1052 1755; x_wconf 89' lang='lat' dir='ltr'><strong>cnm</strong></span> <span class='ocrx_word' id='word_1_108' title='bbox 1073 1693 1105 1753; x_wconf 90' lang='lat' dir='ltr'><strong>in</strong></span> <span class='ocrx_word' id='word_1_109' title='bbox 1122 1706 1225 1774; x_wconf 85' lang='lat' dir='ltr'><strong>nperto</strong></span> <span class='ocrx_word' id='word_1_110' title='bbox 1244 1708 1324 1757; x_wconf 77' lang='lat' dir='ltr'><strong>esset</strong></span> <span class='ocrx_word' id='word_1_111' title='bbox 1342 1716 1376 1759; x_wconf 85' lang='lat' dir='ltr'><strong>se</strong></span> 
     </span>
     <span class='ocr_line' id='line_1_14' title="bbox 281 1786 1376 1870; baseline -0.005 -16"><span class='ocrx_word' id='word_1_112' title='bbox 281 1794 507 1857; x_wconf 80' lang='lat' dir='ltr'><strong>condemnatum</strong></span> <span class='ocrx_word' id='word_1_113' title='bbox 521 1792 553 1851; x_wconf 86' lang='lat' dir='ltr'><strong>iri</strong></span> <span class='ocrx_word' id='word_1_114' title='bbox 564 1792 603 1852; x_wconf 89' lang='lat' dir='ltr'><strong>ad</strong></span> <span class='ocrx_word' id='word_1_115' title='bbox 614 1790 785 1853; x_wconf 83' lang='lat' dir='ltr'><strong>solvendam</strong></span> <span class='ocrx_word' id='word_1_116' title='bbox 795 1790 958 1870; x_wconf 85' lang='lat' dir='ltr'><strong>pecuniam,</strong></span> <span class='ocrx_word' id='word_1_117' title='bbox 972 1806 1040 1848; x_wconf 88' lang='lat' dir='ltr'><strong>curu</strong></span> <span class='ocrx_word' id='word_1_118' title='bbox 1054 1786 1111 1846; x_wconf 89' lang='lat' dir='ltr'><strong>sibi</strong></span> <span class='ocrx_word' id='word_1_119' title='bbox 1123 1806 1258 1848; x_wconf 88' lang='lat' dir='ltr'><strong>nummos</strong></span> <span class='ocrx_word' id='word_1_120' title='bbox 1272 1788 1376 1849; x_wconf 82' lang='lat' dir='ltr'><strong>serenti</strong></span> 
     </span>
     <span class='ocr_line' id='line_1_15' title="bbox 281 1878 1376 1964; baseline -0.007 -18"><span class='ocrx_word' id='word_1_121' title='bbox 281 1884 379 1946; x_wconf 88' lang='lat' dir='ltr'><strong>venire</strong></span> <span class='ocrx_word' id='word_1_122' title='bbox 398 1886 427 1943; x_wconf 90' lang='lat' dir='ltr'><strong>in</strong></span> <span class='ocrx_word' id='word_1_123' title='bbox 443 1884 585 1964; x_wconf 85' lang='lat' dir='ltr'><strong>judicium</strong></span> <span class='ocrx_word' id='word_1_124' title='bbox 607 1884 726 1945; x_wconf 86' lang='lat' dir='ltr'><strong>liceret:</strong></span> <span class='ocrx_word' id='word_1_125' title='bbox 748 1883 866 1954; x_wconf 82' lang='lat' dir='ltr'><strong>deiude,</strong></span> <span class='ocrx_word' id='word_1_126' title='bbox 887 1884 912 1941; x_wconf 86' lang='lat' dir='ltr'><strong>si</strong></span> <span class='ocrx_word' id='word_1_127' title='bbox 931 1900 985 1940; x_wconf 90' lang='lat' dir='ltr'><strong>voa</strong></span> <span class='ocrx_word' id='word_1_128' title='bbox 1002 1878 1142 1939; x_wconf 77' lang='lat' dir='ltr'><strong>deludere</strong></span> <span class='ocrx_word' id='word_1_129' title='bbox 1153 1892 1264 1959; x_wconf 85' lang='lat' dir='ltr'><strong>posset,</strong></span> <span class='ocrx_word' id='word_1_130' title='bbox 1277 1880 1376 1939; x_wconf 82' lang='lat' dir='ltr'><strong>abitu·</strong></span> 
     </span>
     <span class='ocr_line' id='line_1_16' title="bbox 281 1971 1375 2054; baseline -0.004 -17"><span class='ocrx_word' id='word_1_131' title='bbox 281 1996 345 2037; x_wconf 84' lang='lat' dir='ltr'><strong>rum</strong></span> <span class='ocrx_word' id='word_1_132' title='bbox 355 1996 422 2037; x_wconf 89' lang='lat' dir='ltr'><strong>curn</strong></span> <span class='ocrx_word' id='word_1_133' title='bbox 436 1976 531 2037; x_wconf 83' lang='lat' dir='ltr'><strong>aliena</strong></span> <span class='ocrx_word' id='word_1_134' title='bbox 545 1977 679 2054; x_wconf 82' lang='lat' dir='ltr'><strong>pecunie,</strong></span> <span class='ocrx_word' id='word_1_135' title='bbox 693 1976 738 2035; x_wconf 89' lang='lat' dir='ltr'><strong>sin</strong></span> <span class='ocrx_word' id='word_1_136' title='bbox 749 1974 855 2045; x_wconf 87' lang='lat' dir='ltr'><strong>minue,</strong></span> <span class='ocrx_word' id='word_1_137' title='bbox 864 1983 927 2031; x_wconf 90' lang='lat' dir='ltr'><strong>tum</strong></span> <span class='ocrx_word' id='word_1_138' title='bbox 938 1972 1055 2031; x_wconf 87' lang='lat' dir='ltr'><strong>demum</strong></span> <span class='ocrx_word' id='word_1_139' title='bbox 1066 1971 1230 2033; x_wconf 87' lang='lat' dir='ltr'><strong>soluturum</strong></span> <span class='ocrx_word' id='word_1_140' title='bbox 1243 1972 1375 2033; x_wconf 86' lang='lat' dir='ltr'><strong>uthorno</strong></span> 
     </span>
     <span class='ocr_line' id='line_1_17' title="bbox 280 2057 1071 2147; baseline -0.004 -20"><span class='ocrx_word' id='word_1_141' title='bbox 280 2087 340 2127; x_wconf 82' lang='lat' dir='ltr'><strong>sou</strong></span> <span class='ocrx_word' id='word_1_142' title='bbox 349 2070 416 2147; x_wconf 82' lang='lat' dir='ltr'><strong>jure</strong></span> <span class='ocrx_word' id='word_1_143' title='bbox 429 2067 530 2138; x_wconf 75' lang='lat' dir='ltr'><strong>fretus,</strong></span> <span class='ocrx_word' id='word_1_144' title='bbox 546 2067 598 2126; x_wconf 84' lang='lat' dir='ltr'><strong>sed</strong></span> <span class='ocrx_word' id='word_1_145' title='bbox 612 2068 701 2129; x_wconf 84' lang='lat' dir='ltr'><strong>vestri</strong></span> <span class='ocrx_word' id='word_1_146' title='bbox 713 2066 874 2145; x_wconf 81' lang='lat' dir='ltr'><strong>periculum</strong></span> <span class='ocrx_word' id='word_1_147' title='bbox 886 2064 1029 2124; x_wconf 76' lang='lat' dir='ltr'><strong>facturus.</strong></span> <span class='ocrx_word' id='word_1_148' title='bbox 1067 2057 1071 2062; x_wconf 70' lang='grc'>’</span> 
     </span>
    </p>

    <p class='ocr_par' dir='ltr' id='par_1_9' title="bbox 278 2157 1378 3813">
     <span class='ocr_line' id='line_1_18' title="bbox 320 2157 1377 2239; baseline 0 -22"><span class='ocrx_word' id='word_1_149' title='bbox 320 2160 351 2217; x_wconf 90' lang='grc'><strong>6.</strong></span> <span class='ocrx_word' id='word_1_150' title='bbox 372 2160 448 2223; x_wconf 78' lang='lat' dir='ltr'><strong>Ques</strong></span> <span class='ocrx_word' id='word_1_151' title='bbox 458 2158 547 2238; x_wconf 77' lang='lat' dir='ltr'><strong>igitur</strong></span> <span class='ocrx_word' id='word_1_152' title='bbox 560 2178 579 2217; x_wconf 89' lang='lat' dir='ltr'><strong>a</strong></span> <span class='ocrx_word' id='word_1_153' title='bbox 594 2158 799 2239; x_wconf 74' lang='lat' dir='ltr'><strong>Dionysodoro</strong></span> <span class='ocrx_word' id='word_1_154' title='bbox 811 2157 892 2218; x_wconf 80' lang='lat' dir='ltr'><strong>sacta</strong></span> <span class='ocrx_word' id='word_1_155' title='bbox 905 2168 983 2228; x_wconf 80' lang='lat' dir='ltr'><strong>sunt,</strong></span> <span class='ocrx_word' id='word_1_156' title='bbox 997 2159 1130 2232; x_wconf 85' lang='lat' dir='ltr'><strong>audistis,</strong></span> <span class='ocrx_word' id='word_1_157' title='bbox 1144 2159 1282 2219; x_wconf 82' lang='lat' dir='ltr'><strong>Judices:</strong></span> <span class='ocrx_word' id='word_1_158' title='bbox 1307 2176 1377 2238; x_wconf 73' lang='lat' dir='ltr'><strong>qn·</strong></span> 
     </span>
     <span class='ocr_line' id='line_1_19' title="bbox 281 2248 1374 2330; baseline -0.001 -19"><span class='ocrx_word' id='word_1_159' title='bbox 281 2250 352 2311; x_wconf 80' lang='lat' dir='ltr'><strong>darn</strong></span> <span class='ocrx_word' id='word_1_160' title='bbox 377 2249 495 2321; x_wconf 88' lang='lat' dir='ltr'><strong>auditis,</strong></span> <span class='ocrx_word' id='word_1_161' title='bbox 522 2250 700 2330; x_wconf 87' lang='lat' dir='ltr'><strong>jamdudum</strong></span> <span class='ocrx_word' id='word_1_162' title='bbox 727 2270 780 2309; x_wconf 93' lang='lat' dir='ltr'><strong>vos</strong></span> <span class='ocrx_word' id='word_1_163' title='bbox 806 2249 902 2309; x_wconf 86' lang='lat' dir='ltr'><strong>mirari</strong></span> <span class='ocrx_word' id='word_1_164' title='bbox 924 2248 1046 2310; x_wconf 79' lang='lat' dir='ltr'><strong>arbitror</strong></span> <span class='ocrx_word' id='word_1_165' title='bbox 1064 2250 1190 2309; x_wconf 88' lang='lat' dir='ltr'><strong>hominis</strong></span> <span class='ocrx_word' id='word_1_166' title='bbox 1212 2251 1374 2324; x_wconf 75' lang='lat' dir='ltr'><strong>audacium,</strong></span> 
     </span>
     <span class='ocr_line' id='line_1_20' title="bbox 279 2340 1376 2423; baseline -0.001 -20"><span class='ocrx_word' id='word_1_167' title='bbox 279 2362 373 2423; x_wconf 86' lang='lat' dir='ltr'><strong>quave</strong></span> <span class='ocrx_word' id='word_1_168' title='bbox 387 2364 419 2403; x_wconf 87' lang='lat' dir='ltr'><strong>re</strong></span> <span class='ocrx_word' id='word_1_169' title='bbox 430 2344 523 2403; x_wconf 82' lang='lat' dir='ltr'><strong>fretus</strong></span> <span class='ocrx_word' id='word_1_170' title='bbox 536 2343 595 2403; x_wconf 89' lang='lat' dir='ltr'><strong>huc</strong></span> <span class='ocrx_word' id='word_1_171' title='bbox 609 2344 647 2403; x_wconf 92' lang='lat' dir='ltr'><strong>sit</strong></span> <span class='ocrx_word' id='word_1_172' title='bbox 659 2342 821 2423; x_wconf 82' lang='lat' dir='ltr'><strong>ingressus,</strong></span> <span class='ocrx_word' id='word_1_173' title='bbox 834 2342 972 2421; x_wconf 77' lang='lat' dir='ltr'><strong>cogitare.</strong></span> <span class='ocrx_word' id='word_1_174' title='bbox 1010 2342 1081 2401; x_wconf 87' lang='lat' dir='ltr'><strong>Non</strong></span> <span class='ocrx_word' id='word_1_175' title='bbox 1094 2341 1171 2401; x_wconf 89' lang='lat' dir='ltr'><strong>enirn</strong></span> <span class='ocrx_word' id='word_1_176' title='bbox 1181 2340 1308 2402; x_wconf 72' lang='lat' dir='ltr'><strong>audacia</strong></span> <span class='ocrx_word' id='word_1_177' title='bbox 1320 2353 1376 2412; x_wconf 87' lang='lat' dir='ltr'><strong>est,</strong></span> 
     </span>
     <span class='ocr_line' id='line_1_21' title="bbox 280 2434 1377 2516; baseline -0.002 -21"><span class='ocrx_word' id='word_1_178' title='bbox 280 2438 396 2515; x_wconf 88' lang='lat' dir='ltr'><strong>siquis,</strong></span> <span class='ocrx_word' id='word_1_179' title='bbox 416 2454 452 2495; x_wconf 83' lang='lat' dir='ltr'><strong>cx</strong></span> <span class='ocrx_word' id='word_1_180' title='bbox 472 2444 601 2496; x_wconf 90' lang='lat' dir='ltr'><strong>mercatu</strong></span> <span class='ocrx_word' id='word_1_181' title='bbox 621 2436 842 2495; x_wconf 74' lang='lat' dir='ltr'><strong>Atheniensium</strong></span> <span class='ocrx_word' id='word_1_182' title='bbox 865 2436 1017 2514; x_wconf 86' lang='lat' dir='ltr'><strong>pecuniam</strong></span> <span class='ocrx_word' id='word_1_183' title='bbox 1035 2444 1193 2505; x_wconf 86' lang='lat' dir='ltr'><strong>mutuatus,</strong></span> <span class='ocrx_word' id='word_1_184' title='bbox 1206 2434 1237 2493; x_wconf 91' lang='lat' dir='ltr'><strong>in</strong></span> <span class='ocrx_word' id='word_1_185' title='bbox 1252 2454 1377 2516; x_wconf 75' lang='lat' dir='ltr'><strong>syngra-</strong></span> 
     </span>
     <span class='ocr_line' id='line_1_22' title="bbox 280 2526 1376 2609; baseline 0.003 -22"><span class='ocrx_word' id='word_1_186' title='bbox 280 2528 368 2607; x_wconf 85' lang='lat' dir='ltr'><strong>pham</strong></span> <span class='ocrx_word' id='word_1_187' title='bbox 381 2527 487 2608; x_wconf 85' lang='lat' dir='ltr'><strong>apertis</strong></span> <span class='ocrx_word' id='word_1_188' title='bbox 507 2526 604 2588; x_wconf 88' lang='lat' dir='ltr'><strong>verbis</strong></span> <span class='ocrx_word' id='word_1_189' title='bbox 617 2528 774 2609; x_wconf 73' lang='lat' dir='ltr'><strong>inscripsit,</strong></span> <span class='ocrx_word' id='word_1_190' title='bbox 787 2547 820 2588; x_wconf 89' lang='lat' dir='ltr'><strong>se</strong></span> <span class='ocrx_word' id='word_1_191' title='bbox 842 2547 946 2587; x_wconf 83' lang='lat' dir='ltr'><strong>novem</strong></span> <span class='ocrx_word' id='word_1_192' title='bbox 959 2528 989 2587; x_wconf 90' lang='lat' dir='ltr'><strong>in</strong></span> <span class='ocrx_word' id='word_1_193' title='bbox 1003 2539 1134 2589; x_wconf 86' lang='lat' dir='ltr'><strong>vestrum</strong></span> <span class='ocrx_word' id='word_1_194' title='bbox 1152 2539 1318 2587; x_wconf 85' lang='lat' dir='ltr'><strong>mercatum</strong></span> <span class='ocrx_word' id='word_1_195' title='bbox 1329 2548 1376 2590; x_wconf 82' lang='lat' dir='ltr'><strong>rs·</strong></span> 
     </span>
     <span class='ocr_line' id='line_1_23' title="bbox 282 2618 1376 2701; baseline 0.003 -23"><span class='ocrx_word' id='word_1_196' title='bbox 282 2618 448 2691; x_wconf 81' lang='lat' dir='ltr'><strong>ducturum,</strong></span> <span class='ocrx_word' id='word_1_197' title='bbox 461 2619 541 2698; x_wconf 91' lang='lat' dir='ltr'><strong>quod</strong></span> <span class='ocrx_word' id='word_1_198' title='bbox 564 2620 621 2679; x_wconf 88' lang='lat' dir='ltr'><strong>nisi</strong></span> <span class='ocrx_word' id='word_1_199' title='bbox 638 2620 751 2694; x_wconf 81' lang='lat' dir='ltr'><strong>fecerit,</strong></span> <span class='ocrx_word' id='word_1_200' title='bbox 764 2620 886 2701; x_wconf 87' lang='lat' dir='ltr'><strong>duplam</strong></span> <span class='ocrx_word' id='word_1_201' title='bbox 906 2620 1076 2693; x_wconf 86' lang='lat' dir='ltr'><strong>soluturum,</strong></span> <span class='ocrx_word' id='word_1_202' title='bbox 1091 2640 1169 2693; x_wconf 89' lang='lat' dir='ltr'><strong>eum,</strong></span> <span class='ocrx_word' id='word_1_203' title='bbox 1189 2639 1258 2680; x_wconf 88' lang='lat' dir='ltr'><strong>cum</strong></span> <span class='ocrx_word' id='word_1_204' title='bbox 1270 2640 1376 2681; x_wconf 76' lang='lat' dir='ltr'><strong>neven</strong></span> 
     </span>
     <span class='ocr_line' id='line_1_24' title="bbox 280 2710 1378 2792; baseline 0.004 -23"><span class='ocrx_word' id='word_1_205' title='bbox 280 2730 336 2771; x_wconf 85' lang='lat' dir='ltr'><strong>nec</strong></span> <span class='ocrx_word' id='word_1_206' title='bbox 350 2712 380 2769; x_wconf 93' lang='lat' dir='ltr'><strong>iu</strong></span> <span class='ocrx_word' id='word_1_207' title='bbox 393 2710 505 2771; x_wconf 82' lang='lat' dir='ltr'><strong>Piraeeo</strong></span> <span class='ocrx_word' id='word_1_208' title='bbox 520 2712 670 2791; x_wconf 81' lang='lat' dir='ltr'><strong>appulerit,</strong></span> <span class='ocrx_word' id='word_1_209' title='bbox 685 2731 782 2791; x_wconf 85' lang='lat' dir='ltr'><strong>neque</strong></span> <span class='ocrx_word' id='word_1_210' title='bbox 795 2712 948 2792; x_wconf 88' lang='lat' dir='ltr'><strong>pecuniam</strong></span> <span class='ocrx_word' id='word_1_211' title='bbox 961 2712 1152 2773; x_wconf 83' lang='lat' dir='ltr'><strong>creditoribus</strong></span> <span class='ocrx_word' id='word_1_212' title='bbox 1163 2712 1332 2785; x_wconf 83' lang='lat' dir='ltr'><strong>restituerit,</strong></span> <span class='ocrx_word' id='word_1_213' title='bbox 1344 2721 1378 2773; x_wconf 83' lang='lat' dir='ltr'><strong>et</strong></span> 
     </span>
     <span class='ocr_line' id='line_1_25' title="bbox 279 2802 1375 2876; baseline 0.002 -12"><span class='ocrx_word' id='word_1_214' title='bbox 279 2803 458 2866; x_wconf 66' lang='lat' dir='ltr'><strong>humectum</strong></span> <span class='ocrx_word' id='word_1_215' title='bbox 483 2802 581 2864; x_wconf 84' lang='lat' dir='ltr'><strong>Rhodi</strong></span> <span class='ocrx_word' id='word_1_216' title='bbox 603 2816 793 2865; x_wconf 82' lang='lat' dir='ltr'><strong>exoneratum</strong></span> <span class='ocrx_word' id='word_1_217' title='bbox 815 2806 989 2876; x_wconf 80' lang='lat' dir='ltr'><strong>vendiderit,</strong></span> <span class='ocrx_word' id='word_1_218' title='bbox 1013 2804 1059 2865; x_wconf 88' lang='lat' dir='ltr'><strong>his</strong></span> <span class='ocrx_word' id='word_1_219' title='bbox 1081 2814 1179 2865; x_wconf 83' lang='lat' dir='ltr'><strong>tamen</strong></span> <span class='ocrx_word' id='word_1_220' title='bbox 1198 2804 1375 2866; x_wconf 69' lang='lat' dir='ltr'><strong>facinoribus</strong></span> 
     </span>
     <span class='ocr_line' id='line_1_26' title="bbox 281 2898 1376 2979; baseline -0.001 -19"><span class='ocrx_word' id='word_1_221' title='bbox 281 2898 392 2960; x_wconf 81' lang='lat' dir='ltr'><strong>endere</strong></span> <span class='ocrx_word' id='word_1_222' title='bbox 401 2908 515 2959; x_wconf 78' lang='lat' dir='ltr'><strong>vestrm</strong></span> <span class='ocrx_word' id='word_1_223' title='bbox 529 2898 629 2959; x_wconf 86' lang='lat' dir='ltr'><strong>vultus</strong></span> <span class='ocrx_word' id='word_1_224' title='bbox 649 2909 738 2979; x_wconf 89' lang='lat' dir='ltr'><strong>atque</strong></span> <span class='ocrx_word' id='word_1_225' title='bbox 759 2918 811 2959; x_wconf 90' lang='lat' dir='ltr'><strong>ora</strong></span> <span class='ocrx_word' id='word_1_226' title='bbox 828 2898 951 2959; x_wconf 76' lang='lat' dir='ltr'><strong>intuerit</strong></span> <span class='ocrx_word' id='word_1_227' title='bbox 973 2899 1053 2964; x_wconf 82' lang='lat' dir='ltr'><strong>Quid</strong></span> <span class='ocrx_word' id='word_1_228' title='bbox 1066 2909 1165 2959; x_wconf 88' lang='lat' dir='ltr'><strong>autem</strong></span> <span class='ocrx_word' id='word_1_229' title='bbox 1184 2899 1223 2959; x_wconf 90' lang='lat' dir='ltr'><strong>sd</strong></span> <span class='ocrx_word' id='word_1_230' title='bbox 1245 2898 1309 2958; x_wconf 77' lang='lat' dir='ltr'><strong>hac</strong></span> <span class='ocrx_word' id='word_1_231' title='bbox 1328 2919 1376 2959; x_wconf 88' lang='lat' dir='ltr'><strong>re-</strong></span> 
     </span>
     <span class='ocr_line' id='line_1_27' title="bbox 281 2992 1376 3075; baseline 0.002 -22"><span class='ocrx_word' id='word_1_232' title='bbox 281 2994 436 3073; x_wconf 83' lang='lat' dir='ltr'><strong>spondeat,</strong></span> <span class='ocrx_word' id='word_1_233' title='bbox 459 3012 559 3071; x_wconf 84' lang='lat' dir='ltr'><strong>qureso</strong></span> <span class='ocrx_word' id='word_1_234' title='bbox 582 2992 691 3053; x_wconf 88' lang='lat' dir='ltr'><strong>audite.</strong></span> <span class='ocrx_word' id='word_1_235' title='bbox 733 2992 848 3051; x_wconf 86' lang='lat' dir='ltr'><strong>Navem</strong></span> <span class='ocrx_word' id='word_1_236' title='bbox 872 3012 909 3052; x_wconf 88' lang='lat' dir='ltr'><strong>ex</strong></span> <span class='ocrx_word' id='word_1_237' title='bbox 930 2993 1057 3074; x_wconf 75' lang='lat' dir='ltr'><strong>AEgypto</strong></span> <span class='ocrx_word' id='word_1_238' title='bbox 1072 2994 1242 3054; x_wconf 86' lang='lat' dir='ltr'><strong>redeuntem</strong></span> <span class='ocrx_word' id='word_1_239' title='bbox 1260 3002 1376 3075; x_wconf 85' lang='lat' dir='ltr'><strong>ruptam</strong></span> 
     </span>
     <span class='ocr_line' id='line_1_28' title="bbox 280 3084 1375 3165; baseline 0.001 -20"><span class='ocrx_word' id='word_1_240' title='bbox 280 3104 346 3145; x_wconf 84' lang='lat' dir='ltr'><strong>esso</strong></span> <span class='ocrx_word' id='word_1_241' title='bbox 359 3085 441 3157; x_wconf 90' lang='lat' dir='ltr'><strong>dicit,</strong></span> <span class='ocrx_word' id='word_1_242' title='bbox 454 3104 547 3164; x_wconf 89' lang='lat' dir='ltr'><strong>eaque</strong></span> <span class='ocrx_word' id='word_1_243' title='bbox 563 3103 596 3144; x_wconf 86' lang='lat' dir='ltr'><strong>se</strong></span> <span class='ocrx_word' id='word_1_244' title='bbox 611 3084 648 3144; x_wconf 87' lang='lat' dir='ltr'><strong>de</strong></span> <span class='ocrx_word' id='word_1_245' title='bbox 660 3102 752 3144; x_wconf 82' lang='lat' dir='ltr'><strong>cauus</strong></span> <span class='ocrx_word' id='word_1_246' title='bbox 763 3095 899 3143; x_wconf 88' lang='lat' dir='ltr'><strong>coactum</strong></span> <span class='ocrx_word' id='word_1_247' title='bbox 913 3086 1054 3145; x_wconf 83' lang='lat' dir='ltr'><strong>Rhodum</strong></span> <span class='ocrx_word' id='word_1_248' title='bbox 1073 3087 1221 3165; x_wconf 86' lang='lat' dir='ltr'><strong>appellere</strong></span> <span class='ocrx_word' id='word_1_249' title='bbox 1233 3096 1323 3165; x_wconf 81' lang='lat' dir='ltr'><strong>etque</strong></span> <span class='ocrx_word' id='word_1_250' title='bbox 1333 3085 1375 3146; x_wconf 84' lang='lat' dir='ltr'><strong>ihi</strong></span> 
     </span>
     <span class='ocr_line' id='line_1_29' title="bbox 280 3176 1374 3259; baseline 0.005 -24"><span class='ocrx_word' id='word_1_251' title='bbox 280 3176 458 3235; x_wconf 80' lang='lat' dir='ltr'><strong>trumentum</strong></span> <span class='ocrx_word' id='word_1_252' title='bbox 473 3194 638 3237; x_wconf 79' lang='lat' dir='ltr'><strong>exonerare.</strong></span> <span class='ocrx_word' id='word_1_253' title='bbox 681 3176 756 3255; x_wconf 85' lang='lat' dir='ltr'><strong>Ejus</strong></span> <span class='ocrx_word' id='word_1_254' title='bbox 764 3177 806 3236; x_wconf 90' lang='lat' dir='ltr'><strong>rei</strong></span> <span class='ocrx_word' id='word_1_255' title='bbox 820 3190 1026 3256; x_wconf 73' lang='lat' dir='ltr'><strong>argumentum</strong></span> <span class='ocrx_word' id='word_1_256' title='bbox 1038 3178 1113 3238; x_wconf 84' lang='lat' dir='ltr'><strong>iilud</strong></span> <span class='ocrx_word' id='word_1_257' title='bbox 1124 3198 1192 3239; x_wconf 85' lang='lat' dir='ltr'><strong>esse</strong></span> <span class='ocrx_word' id='word_1_258' title='bbox 1201 3178 1283 3253; x_wconf 89' lang='lat' dir='ltr'><strong>dicit,</strong></span> <span class='ocrx_word' id='word_1_259' title='bbox 1293 3180 1374 3259; x_wconf 85' lang='lat' dir='ltr'><strong>qnod</strong></span> 
     </span>
     <span class='ocr_line' id='line_1_30' title="bbox 281 3267 1374 3351; baseline 0.005 -24"><span class='ocrx_word' id='word_1_260' title='bbox 281 3267 381 3328; x_wconf 81' lang='lat' dir='ltr'><strong>Rhodi</strong></span> <span class='ocrx_word' id='word_1_261' title='bbox 396 3268 514 3347; x_wconf 77' lang='lat' dir='ltr'><strong>navigia</strong></span> <span class='ocrx_word' id='word_1_262' title='bbox 526 3268 699 3329; x_wconf 71' lang='lat' dir='ltr'><strong>conduxerit</strong></span> <span class='ocrx_word' id='word_1_263' title='bbox 717 3281 748 3329; x_wconf 81' lang='lat' dir='ltr'><strong>et</strong></span> <span class='ocrx_word' id='word_1_264' title='bbox 770 3272 909 3330; x_wconf 89' lang='lat' dir='ltr'><strong>mercium</strong></span> <span class='ocrx_word' id='word_1_265' title='bbox 922 3284 1033 3351; x_wconf 88' lang='lat' dir='ltr'><strong>partem</strong></span> <span class='ocrx_word' id='word_1_266' title='bbox 1054 3272 1113 3332; x_wconf 89' lang='lat' dir='ltr'><strong>huc</strong></span> <span class='ocrx_word' id='word_1_267' title='bbox 1135 3272 1255 3333; x_wconf 82' lang='lat' dir='ltr'><strong>miserit.</strong></span> <span class='ocrx_word' id='word_1_268' title='bbox 1297 3273 1374 3333; x_wconf 79' lang='lat' dir='ltr'><strong>Haec</strong></span> 
     </span>
     <span class='ocr_line' id='line_1_31' title="bbox 278 3358 1374 3441; baseline 0.005 -22"><span class='ocrx_word' id='word_1_269' title='bbox 278 3358 460 3421; x_wconf 80' lang='lat' dir='ltr'><strong>defensionis</strong></span> <span class='ocrx_word' id='word_1_270' title='bbox 473 3360 550 3421; x_wconf 84' lang='lat' dir='ltr'><strong>illius</strong></span> <span class='ocrx_word' id='word_1_271' title='bbox 562 3380 622 3421; x_wconf 89' lang='lat' dir='ltr'><strong>uns</strong></span> <span class='ocrx_word' id='word_1_272' title='bbox 634 3382 702 3441; x_wconf 87' lang='lat' dir='ltr'><strong>pars</strong></span> <span class='ocrx_word' id='word_1_273' title='bbox 716 3373 773 3423; x_wconf 80' lang='lat' dir='ltr'><strong>est</strong></span> <span class='ocrx_word' id='word_1_274' title='bbox 814 3362 916 3424; x_wconf 82' lang='lat' dir='ltr'><strong>Altera</strong></span> <span class='ocrx_word' id='word_1_275' title='bbox 928 3364 988 3425; x_wconf 78' lang='lat' dir='ltr'><strong>illa</strong></span> <span class='ocrx_word' id='word_1_276' title='bbox 1018 3366 1070 3425; x_wconf 84' lang='lat' dir='ltr'><strong>Ait</strong></span> <span class='ocrx_word' id='word_1_277' title='bbox 1084 3365 1374 3426; x_wconf 74' lang='lat' dir='ltr'><strong>cetemscrcdttores</strong></span> 
     </span>
     <span class='ocr_line' id='line_1_32' title="bbox 280 3450 1374 3537; baseline 0.008 -26"><span class='ocrx_word' id='word_1_278' title='bbox 280 3450 465 3513; x_wconf 73' lang='lat' dir='ltr'><strong>ooucusissc</strong></span> <span class='ocrx_word' id='word_1_279' title='bbox 479 3452 534 3512; x_wconf 86' lang='lat' dir='ltr'><strong>sibi</strong></span> <span class='ocrx_word' id='word_1_280' title='bbox 546 3472 651 3515; x_wconf 83' lang='lat' dir='ltr'><strong>usurss</strong></span> <span class='ocrx_word' id='word_1_281' title='bbox 666 3455 805 3516; x_wconf 85' lang='lat' dir='ltr'><strong>Rhodum</strong></span> <span class='ocrx_word' id='word_1_282' title='bbox 817 3475 928 3535; x_wconf 84' lang='lat' dir='ltr'><strong>nsque:</strong></span> <span class='ocrx_word' id='word_1_283' title='bbox 950 3456 1082 3536; x_wconf 86' lang='lat' dir='ltr'><strong>iniquum</strong></span> <span class='ocrx_word' id='word_1_284' title='bbox 1091 3458 1180 3537; x_wconf 76' lang='lat' dir='ltr'><strong>igitur</strong></span> <span class='ocrx_word' id='word_1_285' title='bbox 1191 3458 1265 3532; x_wconf 78' lang='lat' dir='ltr'><strong>iore,</strong></span> <span class='ocrx_word' id='word_1_286' title='bbox 1280 3458 1306 3519; x_wconf 81' lang='lat' dir='ltr'><strong>si</strong></span> <span class='ocrx_word' id='word_1_287' title='bbox 1318 3478 1374 3520; x_wconf 82' lang='lat' dir='ltr'><strong>uos</strong></span> 
     </span>
     <span class='ocr_line' id='line_1_33' title="bbox 280 3530 1373 3633; baseline 0.006 -26"><span class='ocrx_word' id='word_1_288' title='bbox 280 3530 384 3607; x_wconf 81' lang='lat' dir='ltr'><strong>eadem</strong></span> <span class='ocrx_word' id='word_1_289' title='bbox 404 3566 472 3626; x_wconf 73' lang='lat' dir='ltr'><strong>queo</strong></span> <span class='ocrx_word' id='word_1_290' title='bbox 494 3546 535 3605; x_wconf 85' lang='lat' dir='ltr'><strong>iiii</strong></span> <span class='ocrx_word' id='word_1_291' title='bbox 557 3548 719 3609; x_wconf 79' lang='lat' dir='ltr'><strong>concedere</strong></span> <span class='ocrx_word' id='word_1_292' title='bbox 738 3550 875 3610; x_wconf 81' lang='lat' dir='ltr'><strong>nolimus.</strong></span> <span class='ocrx_word' id='word_1_293' title='bbox 916 3549 1026 3625; x_wconf 84' lang='lat' dir='ltr'><strong>Tertia,</strong></span> <span class='ocrx_word' id='word_1_294' title='bbox 1042 3551 1147 3633; x_wconf 85' lang='lat' dir='ltr'><strong>jubere</strong></span> <span class='ocrx_word' id='word_1_295' title='bbox 1166 3552 1373 3633; x_wconf 78' lang='lat' dir='ltr'><strong>syngrapham,</strong></span> 
     </span>
     <span class='ocr_line' id='line_1_34' title="bbox 279 3639 1375 3725; baseline 0.007 -24"><span class='ocrx_word' id='word_1_296' title='bbox 279 3650 453 3701; x_wconf 72' lang='lat' dir='ltr'><strong>concurram</strong></span> <span class='ocrx_word' id='word_1_297' title='bbox 465 3660 552 3711; x_wconf 82' lang='lat' dir='ltr'><strong>nave,</strong></span> <span class='ocrx_word' id='word_1_298' title='bbox 567 3639 651 3701; x_wconf 82' lang='lat' dir='ltr'><strong>reddi</strong></span> <span class='ocrx_word' id='word_1_299' title='bbox 664 3643 837 3722; x_wconf 79' lang='lat' dir='ltr'><strong>pecaniam:</strong></span> <span class='ocrx_word' id='word_1_300' title='bbox 858 3662 962 3706; x_wconf 83' lang='lat' dir='ltr'><strong>navem</strong></span> <span class='ocrx_word' id='word_1_301' title='bbox 982 3656 1080 3707; x_wconf 83' lang='lat' dir='ltr'><strong>autem</strong></span> <span class='ocrx_word' id='word_1_302' title='bbox 1097 3644 1128 3705; x_wconf 92' lang='lat' dir='ltr'><strong>in</strong></span> <span class='ocrx_word' id='word_1_303' title='bbox 1148 3644 1292 3708; x_wconf 78' lang='lat' dir='ltr'><strong>Piraeeum</strong></span> <span class='ocrx_word' id='word_1_304' title='bbox 1309 3664 1375 3725; x_wconf 80' lang='lat' dir='ltr'><strong>per·</strong></span> 
     </span>
     <span class='ocr_line' id='line_1_35' title="bbox 282 3732 678 3813; baseline 0.013 -22"><span class='ocrx_word' id='word_1_305' title='bbox 282 3732 351 3793; x_wconf 86' lang='lat' dir='ltr'><strong>duci</strong></span> <span class='ocrx_word' id='word_1_306' title='bbox 365 3752 425 3792; x_wconf 86' lang='grc' dir='ltr'><strong>ιιι</strong></span> <span class='ocrx_word' id='word_1_307' title='bbox 436 3733 577 3813; x_wconf 81' lang='lat' dir='ltr'><strong>potuisse.</strong></span> <span class='ocrx_word' id='word_1_308' title='bbox 675 3742 678 3749; x_wconf 90' lang='lat'>&#39;</span> 
     </span>
    </p>

    <p class='ocr_par' dir='ltr' id='par_1_10' title="bbox 279 3824 1376 4555">
     <span class='ocr_line' id='line_1_36' title="bbox 321 3824 1373 3912; baseline 0.009 -29"><span class='ocrx_word' id='word_1_309' title='bbox 321 3826 350 3886; x_wconf 73' lang='grc'><strong>7.</strong></span> <span class='ocrx_word' id='word_1_310' title='bbox 364 3824 428 3886; x_wconf 84' lang='lat' dir='ltr'><strong>Vos</strong></span> <span class='ocrx_word' id='word_1_311' title='bbox 446 3825 545 3905; x_wconf 82' lang='lat' dir='ltr'><strong>igitur,</strong></span> <span class='ocrx_word' id='word_1_312' title='bbox 568 3826 701 3900; x_wconf 75' lang='lat' dir='ltr'><strong>iudices,</strong></span> <span class='ocrx_word' id='word_1_313' title='bbox 723 3838 840 3890; x_wconf 82' lang='lat' dir='ltr'><strong>nostres</strong></span> <span class='ocrx_word' id='word_1_314' title='bbox 860 3839 965 3891; x_wconf 82' lang='lat' dir='ltr'><strong>eontra</strong></span> <span class='ocrx_word' id='word_1_315' title='bbox 987 3830 1091 3891; x_wconf 77' lang='lat' dir='ltr'><strong>herrm</strong></span> <span class='ocrx_word' id='word_1_316' title='bbox 1114 3831 1231 3912; x_wconf 77' lang='lat' dir='ltr'><strong>singula</strong></span> <span class='ocrx_word' id='word_1_317' title='bbox 1245 3831 1373 3893; x_wconf 79' lang='lat' dir='ltr'><strong>nn‘ones</strong></span> 
     </span>
     <span class='ocr_line' id='line_1_37' title="bbox 281 3916 1376 4003; baseline 0.005 -26"><span class='ocrx_word' id='word_1_318' title='bbox 281 3916 391 3977; x_wconf 82' lang='lat' dir='ltr'><strong>audite.</strong></span> <span class='ocrx_word' id='word_1_319' title='bbox 434 3918 561 3976; x_wconf 86' lang='lat' dir='ltr'><strong>Priorum</strong></span> <span class='ocrx_word' id='word_1_320' title='bbox 586 3918 666 3997; x_wconf 90' lang='lat' dir='ltr'><strong>quod</strong></span> <span class='ocrx_word' id='word_1_321' title='bbox 683 3929 798 4001; x_wconf 81' lang='lat' dir='ltr'><strong>ruptam</strong></span> <span class='ocrx_word' id='word_1_322' title='bbox 817 3940 882 3985; x_wconf 81' lang='lat' dir='ltr'><strong>esse</strong></span> <span class='ocrx_word' id='word_1_323' title='bbox 903 3941 1006 3983; x_wconf 87' lang='lat' dir='ltr'><strong>navem</strong></span> <span class='ocrx_word' id='word_1_324' title='bbox 1019 3922 1102 3995; x_wconf 89' lang='lat' dir='ltr'><strong>dicit,</strong></span> <span class='ocrx_word' id='word_1_325' title='bbox 1115 3923 1227 4003; x_wconf 84' lang='lat' dir='ltr'><strong>liquere</strong></span> <span class='ocrx_word' id='word_1_326' title='bbox 1241 3922 1376 3984; x_wconf 82' lang='lat' dir='ltr'><strong>omnibus</strong></span> 
     </span>
     <span class='ocr_line' id='line_1_38' title="bbox 280 4009 1375 4097; baseline 0.006 -28"><span class='ocrx_word' id='word_1_327' title='bbox 280 4009 412 4083; x_wconf 78' lang='lat' dir='ltr'><strong>arbitrer,</strong></span> <span class='ocrx_word' id='word_1_328' title='bbox 426 4028 493 4071; x_wconf 91' lang='lat' dir='ltr'><strong>eurn</strong></span> <span class='ocrx_word' id='word_1_329' title='bbox 504 4010 629 4071; x_wconf 88' lang='lat' dir='ltr'><strong>mentiri.</strong></span> <span class='ocrx_word' id='word_1_330' title='bbox 671 4012 749 4072; x_wconf 77' lang='lat' dir='ltr'><strong>Nem</strong></span> <span class='ocrx_word' id='word_1_331' title='bbox 762 4014 787 4074; x_wconf 86' lang='grc' dir='ltr'><strong>ιι</strong></span> <span class='ocrx_word' id='word_1_332' title='bbox 799 4013 830 4072; x_wconf 80' lang='grc' dir='ltr'><strong>ιιι</strong></span> <span class='ocrx_word' id='word_1_333' title='bbox 847 4014 914 4074; x_wconf 83' lang='lat' dir='ltr'><strong>nari</strong></span> <span class='ocrx_word' id='word_1_334' title='bbox 927 4015 1093 4085; x_wconf 82' lang='lat' dir='ltr'><strong>accidisset,</strong></span> <span class='ocrx_word' id='word_1_335' title='bbox 1105 4036 1144 4075; x_wconf 82' lang='lat' dir='ltr'><strong>ne</strong></span> <span class='ocrx_word' id='word_1_336' title='bbox 1157 4015 1296 4076; x_wconf 83' lang='lat' dir='ltr'><strong>Rhodum</strong></span> <span class='ocrx_word' id='word_1_337' title='bbox 1309 4016 1375 4097; x_wconf 84' lang='lat' dir='ltr'><strong>qui-</strong></span> 
     </span>
     <span class='ocr_line' id='line_1_39' title="bbox 280 4100 1373 4187; baseline 0.005 -26"><span class='ocrx_word' id='word_1_338' title='bbox 280 4100 345 4162; x_wconf 83' lang='lat' dir='ltr'><strong>dam</strong></span> <span class='ocrx_word' id='word_1_339' title='bbox 360 4104 512 4165; x_wconf 86' lang='lat' dir='ltr'><strong>incolumis</strong></span> <span class='ocrx_word' id='word_1_340' title='bbox 525 4104 714 4184; x_wconf 83' lang='lat' dir='ltr'><strong>pervenisset,</strong></span> <span class='ocrx_word' id='word_1_341' title='bbox 729 4126 824 4185; x_wconf 84' lang='lat' dir='ltr'><strong>nequa</strong></span> <span class='ocrx_word' id='word_1_342' title='bbox 834 4116 936 4187; x_wconf 88' lang='lat' dir='ltr'><strong>postea</strong></span> <span class='ocrx_word' id='word_1_343' title='bbox 947 4107 1126 4186; x_wconf 70' lang='lat' dir='ltr'><strong>navigationi</strong></span> <span class='ocrx_word' id='word_1_344' title='bbox 1139 4108 1373 4170; x_wconf 72' lang='lat' dir='ltr'><strong>fuissetidonss:</strong></span> 
     </span>
     <span class='ocr_line' id='line_1_40' title="bbox 280 4196 1374 4277; baseline 0.004 -22"><span class='ocrx_word' id='word_1_345' title='bbox 280 4210 357 4255; x_wconf 71' lang='lat' dir='ltr'><strong>nnc</strong></span> <span class='ocrx_word' id='word_1_346' title='bbox 371 4212 435 4256; x_wconf 87' lang='lat' dir='ltr'><strong>sam</strong></span> <span class='ocrx_word' id='word_1_347' title='bbox 457 4196 596 4257; x_wconf 80' lang='lat' dir='ltr'><strong>Rhodum</strong></span> <span class='ocrx_word' id='word_1_348' title='bbox 617 4200 788 4277; x_wconf 81' lang='lat' dir='ltr'><strong>pervenisse</strong></span> <span class='ocrx_word' id='word_1_349' title='bbox 804 4210 932 4272; x_wconf 89' lang='lat' dir='ltr'><strong>constat,</strong></span> <span class='ocrx_word' id='word_1_350' title='bbox 946 4212 977 4261; x_wconf 83' lang='lat' dir='ltr'><strong>at</strong></span> <span class='ocrx_word' id='word_1_351' title='bbox 998 4218 1099 4263; x_wconf 83' lang='lat' dir='ltr'><strong>rursus</strong></span> <span class='ocrx_word' id='word_1_352' title='bbox 1121 4200 1188 4261; x_wconf 86' lang='lat' dir='ltr'><strong>inde</strong></span> <span class='ocrx_word' id='word_1_353' title='bbox 1211 4200 1330 4271; x_wconf 74' lang='lat' dir='ltr'><strong>mism</strong></span> <span class='ocrx_word' id='word_1_354' title='bbox 1342 4199 1374 4259; x_wconf 87' lang='lat' dir='ltr'><strong>is</strong></span> 
     </span>
     <span class='ocr_line' id='line_1_41' title="bbox 279 4282 1374 4373; baseline 0.006 -27"><span class='ocrx_word' id='word_1_355' title='bbox 279 4282 449 4364; x_wconf 68' lang='lat' dir='ltr'><strong>Egypturn,</strong></span> <span class='ocrx_word' id='word_1_356' title='bbox 463 4297 495 4347; x_wconf 80' lang='lat' dir='ltr'><strong>ct</strong></span> <span class='ocrx_word' id='word_1_357' title='bbox 517 4308 597 4350; x_wconf 89' lang='lat' dir='ltr'><strong>nunc</strong></span> <span class='ocrx_word' id='word_1_358' title='bbox 621 4289 709 4351; x_wconf 87' lang='lat' dir='ltr'><strong>etism</strong></span> <span class='ocrx_word' id='word_1_359' title='bbox 731 4292 835 4371; x_wconf 83' lang='lat' dir='ltr'><strong>quovis</strong></span> <span class='ocrx_word' id='word_1_360' title='bbox 857 4290 1004 4370; x_wconf 75' lang='lat' dir='ltr'><strong>navigero,</strong></span> <span class='ocrx_word' id='word_1_361' title='bbox 1017 4302 1210 4373; x_wconf 68' lang='lat' dir='ltr'><strong>preterquam</strong></span> <span class='ocrx_word' id='word_1_362' title='bbox 1233 4290 1374 4352; x_wconf 69' lang='lat' dir='ltr'><strong>tum</strong></span> 
     </span>
     <span class='ocr_line' id='line_1_42' title="bbox 281 4376 1374 4463; baseline 0.01 -28"><span class='ocrx_word' id='word_1_363' title='bbox 281 4376 389 4437; x_wconf 83' lang='lat' dir='ltr'><strong>Nonus</strong></span> <span class='ocrx_word' id='word_1_364' title='bbox 402 4396 469 4438; x_wconf 86' lang='lat' dir='ltr'><strong>vcro</strong></span> <span class='ocrx_word' id='word_1_365' title='bbox 483 4380 642 4443; x_wconf 86' lang='lat' dir='ltr'><strong>absurdum</strong></span> <span class='ocrx_word' id='word_1_366' title='bbox 656 4393 711 4456; x_wconf 85' lang='lat' dir='ltr'><strong>est,</strong></span> <span class='ocrx_word' id='word_1_367' title='bbox 730 4402 797 4445; x_wconf 88' lang='lat' dir='ltr'><strong>cum</strong></span> <span class='ocrx_word' id='word_1_368' title='bbox 812 4384 841 4443; x_wconf 90' lang='grc' dir='ltr'><strong>ιιι</strong></span> <span class='ocrx_word' id='word_1_369' title='bbox 855 4384 1079 4445; x_wconf 79' lang='lat' dir='ltr'><strong>Atheniensium</strong></span> <span class='ocrx_word' id='word_1_370' title='bbox 1092 4394 1252 4445; x_wconf 81' lang='lat' dir='ltr'><strong>mereatum</strong></span> <span class='ocrx_word' id='word_1_371' title='bbox 1265 4385 1374 4463; x_wconf 85' lang='lat' dir='ltr'><strong>perdu-</strong></span> 
     </span>
     <span class='ocr_line' id='line_1_43' title="bbox 279 4468 1374 4555; baseline 0.007 -27"><span class='ocrx_word' id='word_1_372' title='bbox 279 4468 373 4532; x_wconf 72' lang='lat' dir='ltr'><strong>mus</strong></span> <span class='ocrx_word' id='word_1_373' title='bbox 385 4478 430 4528; x_wconf 83' lang='lat' dir='ltr'><strong>est</strong></span> <span class='ocrx_word' id='word_1_374' title='bbox 441 4471 533 4543; x_wconf 80' lang='lat' dir='ltr'><strong>nevis,</strong></span> <span class='ocrx_word' id='word_1_375' title='bbox 547 4472 643 4533; x_wconf 82' lang='lat' dir='ltr'><strong>dicere</strong></span> <span class='ocrx_word' id='word_1_376' title='bbox 656 4476 781 4536; x_wconf 74' lang='lat' dir='ltr'><strong>tractem</strong></span> <span class='ocrx_word' id='word_1_377' title='bbox 795 4494 877 4538; x_wconf 79' lang='lat' dir='ltr'><strong>esse:</strong></span> <span class='ocrx_word' id='word_1_378' title='bbox 897 4496 987 4555; x_wconf 90' lang='lat' dir='ltr'><strong>qnurn</strong></span> <span class='ocrx_word' id='word_1_379' title='bbox 1008 4487 1106 4539; x_wconf 85' lang='lat' dir='ltr'><strong>autern</strong></span> <span class='ocrx_word' id='word_1_380' title='bbox 1128 4478 1228 4537; x_wconf 80' lang='lat' dir='ltr'><strong>Rhodi</strong></span> <span class='ocrx_word' id='word_1_381' title='bbox 1245 4478 1374 4538; x_wconf 79' lang='lat' dir='ltr'><strong>trumen-</strong></span> 
     </span>
    </p>
   </div>
   <div class='ocr_carea' id='block_1_9' title="bbox 0 0 1488 5017">
    <p class='ocr_par' dir='ltr' id='par_1_11' title="bbox 0 0 1488 5017">
     <span class='ocr_line' id='line_1_44' title="bbox 0 0 1488 5017; baseline 0 1"><span class='ocrx_word' id='word_1_382' title='bbox 0 0 1488 5017; x_wconf 95' lang='lat' dir='ltr'><strong> </strong></span> 
     </span>
    </p>
   </div>
  </div>
 </body>
</html>
