2967 5017
285 326 345 385 734
559 322 727 387 CONTRA
749 318 1103 383 Dtoursonoutttt.

283 479 506 560 oppigneratam
525 480 642 551 habeat,
666 479 852 539 nihilomiuus
870 479 900 537 iu
920 486 1112 556 conspectum
1131 485 1259 535 vestrum
1274 476 1376 555 prodi·

283 573 347 643 erit,
360 572 444 632 nobis
466 592 585 653 poenam
610 583 718 632 temere
742 571 916 649 litigantium
940 570 1074 629 nimirum
1092 568 1271 646 irrogaturus
1293 568 1373 627 etin

283 664 460 725 domicilium
477 663 570 743 plebis
584 662 778 741 conjecturas,
792 661 943 721 fraudasse
961 681 1019 721 non
1041 669 1205 720 contentus.
1246 658 1374 718 Oramus

282 756 380 835 igitur,
399 756 601 820 Athenienses.
614 768 644 815 et
656 758 833 815 obtestamur
847 774 899 813 tos
913 753 1020 833 pariter
1030 772 1131 812 omues
1145 764 1178 810 ut
1191 771 1245 811 nos
1255 752 1375 833 juretis,

283 850 308 909 si
329 850 406 909 allici
428 848 558 908 videmur
580 848 700 929 injuriis.
742 846 917 927 Principium
936 856 1034 905 autem
1058 857 1227 904 contractus
1251 844 1374 923 primum

282 934 365 1003 vebis
376 942 545 1019 explicabo:
562 942 602 1001 sic
614 942 690 1000 enim
703 960 877 1019 unaquoque
891 958 1010 998 causam
1025 937 1185 998 rectissime
1200 936 1375 1016 intelligetis.

325 1038 355 1093 2.
377 1034 608 1113 Dionysodorus,
624 1034 832 1105 Athenienses,
846 1043 878 1093 et
890 1033 986 1092 socius
1008 1032 1072 1111 ejus
1088 1032 1291 1090 Parmeniscus
1305 1051 1376 1091 con·

283 1146 389 1187 venere
404 1148 458 1210 uos
472 1148 550 1186 anuo
564 1128 707 1206 superiore
726 1146 826 1187 mense
844 1125 977 1195 Quintili,
992 1144 1083 1202 seque
1104 1124 1228 1182 mutuari
1242 1124 1319 1183 velle
1337 1124 1376 1185 ad

283 1220 544 1288 novemdixerunt,
558 1220 592 1279 iis
606 1220 822 1279 conditionibus
845 1230 877 1277 ut
891 1220 920 1277 in
936 1218 1093 1297 AEgyptum
1113 1217 1284 1293 navigarent
1295 1230 1325 1275 et
1339 1235 1377 1277 ex

285 1312 413 1391 AEgypto
428 1311 564 1370 Rhodum
581 1321 631 1371 aut
645 1311 785 1381 Athenas,
799 1308 926 1389 stipulati
941 1330 973 1369 se
993 1328 1094 1368 usuras
1114 1308 1142 1366 in
1164 1310 1305 1370 ,alterutro
1325 1309 1377 1370 ho·

283 1422 346 1464 rutn
362 1414 539 1462 mercatuum
555 1405 712 1463 soluturos.
755 1403 848 1462 Nobis
862 1415 959 1462 autem
974 1401 1230 1480 respondentibus,
1243 1400 1375 1473 ludices,

185 1566 195 1577 ι
283 1514 338 1555 nos
352 1494 575 1573 haudquaquam
599 1496 626 1554 in
650 1496 736 1555 alium
758 1507 918 1554 mercatum
931 1514 1018 1572 quarn
1033 1493 1163 1552 Athenas
1183 1503 1376 1565 mutuaturos,

283 1588 327 1647 sic
344 1586 516 1664 pollicentur
537 1608 569 1647 se
592 1586 650 1647 huc
674 1588 871 1666 navigaturos,
886 1596 972 1665 atque
992 1585 1039 1645 his
1058 1584 1153 1664 pactis
1175 1596 1343 1644 mutuantur
1357 1606 1378 1646 a

283 1680 369 1739 nobis
383 1678 421 1737 ad
436 1698 538 1738 nauem
553 1691 596 1739 ter
610 1680 687 1739 mille
701 1679 854 1763 drachmas
868 1679 944 1738 ultro
957 1678 1097 1756 citroque,
1111 1687 1142 1737 et
1154 1696 1190 1737 ea
1204 1677 1241 1736 de
1255 1698 1286 1737 re
1305 1697 1377 1758 syn·

284 1772 423 1851 grapham
445 1772 689 1850 conscripserunt.
737 1772 771 1831 lu
796 1784 883 1851 pacto
904 1771 992 1851 igitur
1013 1769 1139 1830 creditor
1156 1770 1311 1849 inscriptus
1332 1782 1378 1830 est

284 1862 464 1942 Pamphilus,
484 1884 540 1943 ego
553 1884 621 1925 vero
643 1874 724 1925 extra
740 1865 936 1943 syngrapham
951 1864 1096 1942 particeps
1116 1881 1181 1921 cum
1204 1882 1240 1923 eo
1256 1862 1378 1923 ereditas

284 1957 415 2037 pecuniae
428 1954 479 2015 lui.
522 1956 556 2014 ln
568 1955 667 2035 primis
681 1966 779 2015 autem
793 1955 877 2015 vobis
890 1954 1059 2034 syngrapha
1080 1954 1146 2034 ipsa
1159 1953 1336 2016 recitabitur.
1446 1967 1453 1981 ·

601 2146 604 2153 ⁴
700 2182 963 2245 sruonnrun.
1004 2276 1010 2282 ι
1105 2226 1121 2261 ,

287 2324 332 2385 Ex
352 2326 409 2387 hac
433 2327 610 2407 syngrapha,
625 2328 759 2400 Judices,
780 2327 906 2407 acceptis
927 2344 944 2384 a
967 2326 1049 2386 nobis
1073 2325 1213 2407 pecuniis,
1228 2325 1377 2409 Dionyso·

286 2416 375 2477 dorus
399 2430 427 2477 et
452 2418 551 2478 socius
570 2424 632 2494 ejus
648 2418 852 2479 Parmeniscus
869 2438 973 2477 navem
992 2418 1058 2477 hinc
1073 2420 1101 2478 in
1117 2418 1273 2500 AEgyptum
1289 2422 1377 2481 mise·

284 2520 368 2570 runt:
389 2530 424 2571 ac
439 2510 644 2571 Parmeniscus
658 2512 686 2572 in
706 2532 781 2573 nave
794 2523 839 2572 est
851 2524 965 2583 vectus,
979 2511 1032 2571 iste
1047 2512 1095 2572 hie
1109 2510 1257 2571 remansit.
1301 2512 1378 2572 Fue·

216 2588 223 2601 ’
285 2612 353 2661 runt
374 2604 461 2673 enirn,
484 2602 615 2675 Judices,
630 2624 666 2664 ne
686 2606 744 2664 hoc
766 2604 916 2684 ignoretis,
930 2604 1050 2664 ministri
1070 2614 1101 2662 et
1118 2603 1266 2682 adjutores
1287 2604 1377 2665 Cleo·

285 2695 379 2755 menis
403 2694 479 2755 illius
506 2696 555 2774 qui
578 2696 607 2755 in
628 2696 757 2776 AEgypto
781 2696 942 2776 imperavit,
964 2695 1024 2773 qui,
1046 2714 1081 2752 ex
1102 2712 1161 2772 quo
1184 2695 1378 2775 principatum

286 2787 422 2867 suscepit,
438 2808 494 2848 non
516 2789 617 2868 paucis
636 2790 718 2849 malis
732 2790 832 2850 affecit
851 2787 1056 2866 rempublicam
1072 2798 1258 2857 reseramus
1278 2787 1378 2867 potius

286 2880 412 2961 reliquos
434 2884 518 2942 etiarn
535 2883 657 2943 Grecos
681 2884 807 2943 emendo
826 2891 857 2940 et
879 2878 1064 2939 revendendo
1083 2889 1112 2938 et
1134 2880 1225 2958 pretio
1241 2881 1380 2941 humenti

285 2974 527 3045 suessulanum
542 2977 603 3055 ipse
618 2994 669 3053 per
681 2994 712 3032 se
724 2988 785 3031 tum
797 2972 844 3029 isti
858 2989 981 3030 carneo.
1006 2970 1191 3031 Nemeorum
1204 2972 1252 3033 alii
1264 2992 1378 3035 merces

286 3084 323 3125 ex
338 3067 640 3145 AEgyptontittebant,
656 3065 704 3125 alii
719 3064 757 3123 ad
779 3064 1003 3141 negotiationem
1024 3064 1250 3145 adnavigabant,
1264 3066 1313 3126 alii
1327 3066 1378 3128 hic

286 3160 445 3216 manebant
457 3158 560 3215 allatas
574 3176 684 3216 merces
698 3155 875 3215 distracturi.
918 3156 1033 3215 Deinde
1048 3178 1101 3236 pro
1114 3160 1270 3218 constituto
1283 3160 1379 3237 pretio

285 3246 385 3307 lite'ras
405 3248 555 3306 mittebant
575 3247 594 3305 ii
615 3248 665 3325 qui
685 3247 733 3307 hic
756 3258 840 3307 erunt
860 3248 895 3307 iis
913 3248 961 3328 qui
982 3248 1114 3325 aberunt,
1131 3262 1173 3321 ut,
1187 3252 1210 3309 si
1231 3251 1307 3328 apud
1322 3272 1379 3312 nos

286 3358 385 3399 earum
400 3350 479 3399 esset
492 3340 677 3411 frumentum,
698 3342 757 3401 huc
771 3341 930 3401 veherent:
952 3343 997 3401 siu
1011 3342 1095 3403 vilius
1109 3356 1187 3403 esset
1203 3342 1323 3411 factum,
1338 3344 1379 3405 ad

214 3438 216 3441 '
287 3432 374 3493 alitun
389 3445 547 3492 mercatum
563 3433 754 3513 appellerent.
787 3434 875 3496 Unde
887 3454 1016 3494 annonae
1027 3436 1160 3515 pretium
1173 3434 1303 3508 Judrees,
1317 3456 1378 3497 non

285 3537 387 3607 patum
402 3534 517 3588 auctum
529 3537 575 3587 est
587 3546 639 3605 per
652 3527 725 3587 tales
738 3527 837 3588 literas
851 3540 882 3589 et
894 3539 1012 3588 mutuas
1025 3548 1138 3608 operas.

328 3622 356 3679 3.
378 3618 474 3679 Cum
466 3620 554 3699 igitur
566 3620 635 3680 hmo
648 3620 797 3680 mitterent
808 3640 923 3693 navem
937 3620 1008 3681 satis
1028 3640 1127 3681 carum
1142 3620 1379 3681 frumentumre

285 3713 447 3795 liquerunt.
469 3716 655 3817 quamobrem
669 3714 757 3775 etiam
770 3716 798 3774 in
813 3716 1007 3817 syngrapham
1023 3696 1176 3773 insciibere
1189 3730 1247 3772 non
1261 3732 1380 3775 recusa·

285 3818 361 3867 runt
367 3824 398 3866 se
414 3806 546 3865 Athenas
559 3804 757 3884 navigaturos,
770 3816 802 3866 et
814 3806 845 3864 in
859 3807 972 3865 nullutn
986 3806 1074 3866 alium
1089 3817 1257 3865 mercatum.
1295 3804 1378 3877 Post,

286 3897 417 3971 ludices,
433 3918 499 3959 eum
514 3898 686 3959 ‘Sicilienses
700 3918 791 3959 naves
805 3899 996 3978 appulissent,
1010 3909 1041 3957 et
1052 3897 1187 3959 frumenti
1202 3897 1293 3977 pretia
1307 3916 1379 3975 pau·

286 3988 367 4051 latim
394 3992 602 4064 minuerentur,
626 4006 657 4051 et
684 3992 767 4051 naris
794 3991 916 4052 istorum
942 3992 971 4051 in
1002 3992 1158 4071 AEgyptum
1188 3991 1380 4068 pervenisset,

288 4082 385 4143 statim
398 4083 454 4144 iste
467 4083 622 4163 quemdam
638 4084 777 4143 Rhodum
789 4084 878 4143 mittit
891 4083 928 4143 ad
937 4083 1151 4142 Parmeniseum
1163 4082 1274 4141 socium
1288 4084 1338 4161 qui
1352 4084 1380 4145 ei

287 4174 424 4235 nostratis
448 4195 573 4237 annonas
594 4176 735 4237 rationem
759 4175 926 4255 explicaret,
950 4175 1022 4235 satis
1044 4176 1120 4235 enim
1141 4174 1251 4235 sciebat
1275 4192 1381 4236 navem

287 4266 452 4327 uecesm'rio
466 4269 564 4329 Rhodi
578 4269 776 4351 appulsuram.
817 4268 859 4327 Ut
872 4267 981 4337 finiam,
997 4269 1125 4348 acceptis
1138 4267 1198 4327 ab
1191 4279 1246 4326 usto
1262 4266 1381 4329 Parme·

287 4355 388 4418 uiscus
415 4358 517 4434 literis,
538 4375 567 4423 et
590 4375 667 4424 stato
691 4363 738 4423 bic
765 4361 901 4421 frumenti
922 4362 1014 4441 pretio
1041 4361 1172 4441 cognito,
1200 4360 1380 4422 frumentum

289 4448 387 4512 Rhodi
410 4469 556 4525 exonerat,
579 4456 675 4535 ibique
699 4455 846 4528 distrahit,
860 4455 997 4535 neglecta
1020 4454 1222 4534 asscriptum,
1245 4453 1380 4525 ludioes,
