2967 5017
284 300 343 369 lii
621 298 794 367 CONTRA
815 302 1031 369 detorruit.

279 462 448 523 cederetur:
470 472 500 521 et
522 462 625 523 horum
644 463 785 543 cujusque
802 462 915 541 legibus
935 463 1055 524 definite
1072 475 1142 524 sunt
1158 464 1312 544 supplicis,
1325 485 1366 526 me

280 554 454 635 eecujurris
476 554 625 614 iracundia
637 563 688 614 eut
701 555 841 616 arbitretur
855 553 1063 634 jndiourentur.
1104 556 1143 615 Et
1160 556 1226 616 inec
1245 556 1366 637 quiderm

281 647 439 707 constitute
461 656 529 706 sunt
551 646 685 725 legibus:
712 647 792 725 etsi
818 648 921 707 Conon
946 646 1059 719 dixerit,
1079 647 1169 727 priepi
1186 666 1287 707 summ
1310 668 1366 711 noe

280 738 398 819 quidem
412 736 595 817 congregati,
615 748 645 796 et
657 746 812 811 amotores,
829 748 860 798 et
871 752 946 817 quor
960 738 1044 799 nobis
1056 738 1150 809 risum
1166 747 1214 798 ert
1228 738 1367 801 rerbeis·

280 845 346 890 mne
359 838 390 889 et
399 828 578 911 jugulamus,
593 842 710 891 roseos
725 848 792 889 cum
807 831 866 891 risu
878 830 1055 891 nbnolretisl
1081 828 1153 889 Non
1165 845 1237 889 irene
1251 831 1368 910 opinor.

281 922 386 1002 licque
404 922 480 981 enim
496 932 621 982 restrum
635 922 770 1002 cuiquem
783 923 876 982 ridere
889 924 1032 995 libuisset,
1046 922 1072 982 si
1082 939 1211 1001 presens
1224 922 1368 995 sumt,

280 1030 347 1075 cum
361 1014 490 1074 traherer
503 1024 532 1073 et
545 1030 682 1073 ersuerer
691 1025 721 1075 et
735 1014 919 1075 contumeliis
933 1017 1074 1087 efficerer,
1088 1024 1119 1074 et
1131 1031 1220 1074 senus
1229 1031 1368 1095 emm

281 1104 398 1166 domum
422 1114 600 1187 reportarerr
623 1116 655 1165 et
676 1116 769 1167 meter
785 1123 850 1166 mee
867 1119 936 1187 post
957 1108 1095 1179 exsiliret,
1108 1117 1141 1167 et
1161 1116 1263 1167 tentus
1287 1114 1368 1169 erret

280 1200 359 1279 opud
374 1218 427 1261 noe
444 1199 553 1259 clamor
570 1210 600 1259 et
617 1199 713 1259 luctus
731 1200 895 1271 mulierum,
909 1200 1031 1280 perinde
1052 1220 1088 1261 no
1112 1200 1137 1258 ei
1158 1200 1224 1279 quis
1235 1201 1368 1272 obi'ueet,

280 1292 356 1353 ndeo
369 1300 443 1353 utet
456 1292 613 1353 vicinorum
628 1292 747 1371 quidem
762 1292 802 1351 ed
821 1310 874 1352 nor
895 1294 1052 1361 mitterent,
1065 1294 1116 1371 qoi
1128 1294 1369 1371 percontarentur

280 1386 349 1467 quid
362 1387 445 1447 nobis
459 1384 624 1447 accidisset.

321 1482 350 1539 8.
372 1478 463 1539 ΝιιΙΙο
481 1488 558 1539 uerte
580 1477 679 1549 modo,
692 1476 822 1548 iudices,
836 1477 921 1537 decet
942 1474 1078 1557 cuiquem
1095 1477 1156 1539 ulle
1168 1477 1206 1538 de
1218 1494 1311 1538 ceute
1322 1479 1369 1538 in-

281 1570 421 1632 cultetem
438 1582 468 1631 et
490 1570 634 1631 licentium
657 1570 719 1630 dari
737 1590 756 1630 e
771 1570 854 1631 robis
867 1571 985 1649 impune
997 1588 1051 1651 pro
1072 1570 1191 1630 libidine
1209 1587 1265 1630 sue
1283 1588 1368 1649 grus·

280 1663 384 1723 sandi:
405 1665 457 1723 sin·
468 1662 520 1723 ulli
540 1663 626 1723 venie
638 1661 738 1724 dende
750 1673 807 1736 est,
819 1662 865 1735 iis,
880 1662 928 1743 qui
941 1672 1057 1742 propter
1069 1672 1184 1723 ertatem
1198 1674 1251 1723 eut
1266 1662 1368 1723 edolo-

280 1755 420 1815 seentiem
440 1756 499 1816 tole
523 1756 593 1835 quid
615 1766 717 1837 egunt,
730 1774 767 1816 eo
786 1754 925 1835 oonlugie
939 1752 1114 1815 reserrnude
1126 1764 1206 1825 sunt,
1218 1765 1309 1833 utque
1320 1754 1367 1815 iris

279 1846 350 1927 ipeis
371 1866 430 1908 non
450 1849 488 1907 ed
504 1848 715 1927 impunitatem,
734 1847 787 1907 sed
811 1847 849 1907 ed
867 1845 1006 1925 legitimos
1027 1864 1123 1925 prmum
1142 1845 1366 1925 mitigetionem.

281 1939 339 2008 Qui
353 1950 450 2001 eutem
461 1940 707 2020 quinquagenerio
720 1940 810 2019 mejor
822 1938 986 1997 hominibus
992 1938 1154 2018 junioribus
1168 1938 1266 2011 edent,
1274 1937 1368 2017 iisque

279 2030 353 2101 tiliis,
368 2050 419 2091 eos
442 2040 538 2091 eutem
561 2032 636 2092 sdeo
660 2050 719 2091 non
740 2030 865 2090 deterret
883 2039 935 2090 unt
956 2026 1098 2109 prohibet,
1118 2039 1152 2090 ut
1172 2030 1235 2110 ipse
1253 2028 1319 2090 dux
1335 2040 1368 2091 et

280 2130 381 2181 ructor
394 2130 424 2183 et
437 2120 565 2182 omnium
579 2121 812 2183 uecordissimus
823 2121 872 2195 sit,
885 2140 945 2200 quo
953 2122 1009 2183 iste
1021 2122 1111 2203 <ligno
1123 2120 1209 2183 lectis
1222 2122 1285 2182 suis
1294 2140 1367 2201 rup-

280 2212 540 2291 plicioefficietnrl
571 2214 713 2294 Equidem
736 2212 1119 2288 siinterliciutur,rrondum
1134 2215 1230 2295 justes
1245 2214 1369 2276 dedisse

280 2318 383 2384 poeneo
396 2306 541 2367 existimo.
583 2306 699 2367 Etenim
718 2304 742 2365 si
763 2303 836 2364 nihil
848 2306 910 2385 ipse
923 2306 1125 2379 commisisset,
1140 2306 1193 2367 sed
1206 2305 1243 2380 ri,
1263 2326 1303 2367 eo
1311 2306 1368 2367 ed·

280 2406 386 2467 utente,
400 2398 514 2457 Ctesias
526 2398 602 2457 liliut
615 2396 678 2476 ejus
690 2414 737 2467 ee,
751 2414 819 2477 qum
830 2414 910 2456 nuno
921 2396 999 2471 t'eoit,
1008 2396 1196 2478 designem,
1208 2400 1368 2478 eumjurto

279 2486 347 2548 odio
356 2488 612 2569 prosequeremini.
653 2486 686 2548 Si
699 2488 777 2548 enim
796 2487 840 2548 rie
851 2488 1007 2551 educasset
1019 2489 1095 2549 lilios
1107 2508 1187 2561 suno,
1204 2500 1240 2549 ut
1251 2490 1283 2551 io
1294 2507 1367 2550 em·

278 2591 382 2661 spectu
402 2587 466 2658 ejus
495 2580 676 2641 committere
698 2598 734 2640 ee
759 2580 930 2660 presertim,
951 2598 1074 2661 quorum
1103 2582 1246 2643 nonnulle
1267 2583 1366 2663 cupite

279 2674 391 2734 renuite
402 2684 480 2745 sunt,
492 2690 584 2752 neque
595 2673 729 2733 timerent
741 2686 837 2752 neque
848 2675 1062 2747 erubescerent,
1075 2692 1162 2752 quern
1174 2690 1293 2754 penum
1305 2691 1368 2735 nen
1470 2661 1471 2730 ἶ

279 2766 417 2827 meruisse
444 2764 634 2827 existimetis?
678 2764 744 2843 Ego
761 2764 837 2825 enim
858 2764 927 2825 inde
948 2764 1056 2845 colligo
1074 2785 1112 2826 ne
1134 2766 1221 2826 istum
1244 2767 1366 2846 quidm
1470 2759 1471 2802 i

280 2874 364 2919 tuum
385 2858 509 2921 eoluisee
522 2868 643 2939 petrem.
684 2857 761 2917 Nem
776 2857 800 2916 si
820 2875 886 2917 eum
908 2858 970 2937 ipse
987 2858 1126 2920 coluisset
1146 2878 1183 2921 ue
1200 2861 1363 2932 metuisset,

278 2950 355 3011 idem
368 2963 399 3011 et
411 2952 448 3011 eb
467 2951 531 3012 istis
545 2950 598 3011 sibi
610 2949 698 3009 tribui
711 2946 881 3026 postularet.

318 3031 346 3103 9.
363 3042 444 3123 cepe
457 3042 551 3121 legem
566 3041 604 3100 de
615 3038 800 3110 contumelio,
813 3048 843 3099 et
855 3040 976 3101 ultorem
988 3043 1027 3103 de
1040 3044 1268 3123 gressetoribus:
1288 3046 1365 3107 istos

278 3135 355 3193 enim
369 3135 399 3193 in
413 3133 514 3193 herum
527 3142 680 3209 utrumque
692 3131 872 3193 commisisse
884 3132 1028 3195 ridebitis.

776 3298 869 3358 LEX.

279 3416 333 3478 liis
349 3414 463 3495 legibus
477 3414 605 3494 utrisque
619 3414 731 3499 Conon
744 3414 805 3475 suis
822 3412 885 3475 istie
905 3414 991 3473 fectis
1004 3422 1132 3476 tenetur:
1151 3432 1222 3476 nem
1238 3427 1270 3478 et
1288 3436 1363 3481 con-

277 3506 422 3569 tumelium
434 3504 516 3580 lecit,
538 3518 569 3569 et
581 3506 708 3569 restibus
722 3507 864 3587 spoliarit.
905 3506 987 3575 Ques
1003 3506 1028 3567 si
1049 3506 1079 3566 in
1099 3506 1275 3570 ulciscendis
1297 3514 1363 3574 istis

276 3614 414 3679 usurpare
427 3596 580 3670 noluimus,
593 3606 623 3657 et
644 3616 696 3658 nos
718 3596 850 3658 homines
868 3597 959 3678 quieti
971 3595 1154 3677 modestique
1166 3598 1258 3661 rideri
1270 3602 1364 3663 debe·

276 3708 350 3763 mue,
365 3700 395 3751 et
407 3689 462 3751 iste
476 3708 559 3769 reque
573 3690 731 3770 improbus.
772 3692 861 3756 Quod
881 3690 989 3768 siquid
1002 3689 1071 3749 mibi
1089 3690 1253 3765 occidisset,
1267 3694 1362 3756 cedis

275 3794 305 3844 et
317 3782 548 3863 grauissimarum
562 3798 710 3862 pmnerum
724 3791 806 3842 esset
817 3800 892 3843 reus.
927 3781 1094 3845 Brauronire
1107 3793 1185 3844 oerte
1199 3788 1362 3848 sucerdotis

276 3886 396 3955 petrem,
410 3876 460 3956 qui
477 3884 513 3935 ut
531 3875 561 3933 in
573 3876 711 3935 confesso
723 3875 780 3934 fuit
794 3876 857 3956 ipse
876 3876 1058 3936 intersectum
1072 3896 1130 3935 non
1144 3877 1291 3957 attigeret,
1305 3882 1361 3941 sed

273 3969 484 4031 interfectorem
494 3969 662 4029 cohortatus
674 3969 768 4028 iuerat
780 3979 815 4028 nt
826 3969 961 4043 erederet,
967 3969 1045 4049 ejicit
1057 3968 1087 4029 in
1101 3971 1361 4036 exsiliumeenetus

273 4076 309 4119 ex
318 4061 481 4143 Areopago.
493 4060 609 4121 Merito.
624 4060 656 4119 Si
670 4061 776 4121 enimii
790 4062 840 4141 qui
853 4060 961 4122 adsunt
971 4060 1045 4121 adeo
1053 4082 1111 4123 non
1124 4064 1280 4143 prohibent
1292 4084 1361 4146 eos,

272 4152 323 4229 qui
336 4152 381 4211 rel
393 4169 447 4233 per
459 4152 627 4214 ebrietatem
640 4152 686 4212 rel
705 4172 741 4213 ex
761 4152 911 4212 iracundie
923 4151 970 4213 rel
983 4153 1041 4214 elie
1059 4155 1194 4235 quapiam
1211 4157 1250 4217 de
1264 4177 1359 4221 ceum

272 4260 394 4321 peceare
406 4244 570 4317 instituunt,
584 4255 618 4305 ut
630 4244 684 4322 ipsi
694 4244 782 4305 etiem
795 4244 924 4316 incitent,
939 4246 1020 4306 nulle
1033 4264 1101 4326 spes
1112 4248 1213 4307 uelutis
1224 4261 1359 4331 superest

271 4332 358 4411 eiqui
376 4334 406 4395 in
424 4336 552 4397 homines
574 4334 740 4416 petulantes
763 4335 906 4408 inciderit,
919 4338 973 4397 sed
992 4337 1102 4398 temdiu
1121 4358 1221 4399 eorum
1236 4342 1357 4404 ferendo

270 4426 438 4501 proterviter
452 4428 513 4497 erit,
529 4426 598 4485 duur
612 4428 666 4505 ipsi
681 4428 896 4507 defatigemur:
917 4428 1039 4508 idquod
1056 4428 1125 4489 milri
1139 4430 1253 4492 eccidit.
