2967 5017
268 366 327 429 m
617 368 789 433 coma
810 366 1008 431 NEAERAM.

267 518 419 583 Ιςιιιιιιιιι
429 538 505 575 usses
515 532 577 575 cour
589 524 707 590 pssdhiuss
716 529 757 589 qm·
763 526 882 590 nryttsdse
891 522 1045 581 ιιιιιιιιιιιιιι,
1053 510 1373 584 Μισιιιιιιιῆιϋιοκ

266 607 293 650 ut
304 616 360 651 suas
371 602 431 651 fliius
449 603 472 651 iu
490 604 587 667 gentiles
603 606 831 661 humanatum·
840 603 913 652 turn
921 616 975 651 esar
983 616 997 649 e
1005 598 1149 651 namuh
1162 602 1298 646 ιιιιιιιιιι
1307 599 1374 642 ccu-

267 677 335 735 scios,
342 673 488 745 prohibuisse
493 681 643 732 Pbrsstoresu
650 697 678 731 ne
686 682 758 731 fllium
770 680 939 731 introduceret.

312 792 357 851 17.
371 792 418 851 An
431 812 492 854 non
504 794 592 873 igitur
602 794 751 855 evidenter
761 795 929 855 demonstro
940 791 1034 863 vohis,
1047 791 1129 870 ipsos
1142 788 1232 848 etiem
1244 784 1374 846 neem

268 882 533 961 conjunctissimos,
547 886 577 945 in
600 906 665 947 eam
686 897 720 945 ut
742 886 925 966 peregrinam
946 884 1058 944 ιιιιιιι
1078 879 1373 950 testimonimum

269 974 460 1054 Stephanum,
476 978 525 1058 qui
547 997 611 1039 earn
633 999 711 1040 nunu
725 980 816 1040 habet
832 981 861 1039 in
875 978 1069 1050 matrimonio,
1082 988 1145 1035 tum
1165 974 1374 1045 Phrastorem,

269 1066 318 1144 qui
331 1067 419 1129 filiam
433 1070 496 1149 ejus
518 1070 659 1131 duxerat?
686 1072 762 1131 Cum
783 1072 950 1152 Stephanus
967 1070 1055 1130 hlium
1068 1068 1161 1140 istius,
1174 1087 1194 1126 ι
1207 1066 1374 1125 Phrastore

270 1159 349 1237 apud
372 1162 500 1223 servires
523 1175 690 1238 accusatus,
711 1165 792 1245 qucd
814 1164 865 1243 qui
886 1161 1070 1223 Atheniensis
1087 1172 1177 1231 esset,
1202 1158 1372 1239 peregrines

270 1249 358 1313 hlienr
371 1254 586 1334 despondisset,
598 1257 755 1318 defendere
769 1257 905 1329 noluerit,
915 1256 969 1316 sed
980 1256 1079 1315 dotem
1092 1251 1277 1324 condonarit,
1285 1268 1371 1310 eans-

270 1363 328 1421 que
345 1366 403 1407 ucn
427 1350 584 1429 receperit:
606 1370 673 1410 cum
698 1350 837 1410 Phrastcr
860 1349 975 1409 Nesse
994 1347 1084 1407 filiam
1104 1341 1290 1405 matrimonio
1309 1341 1372 1401 sibi

266 1435 400 1514 junctum
423 1439 551 1519 ejecerit,
566 1453 721 1519 postquem
742 1441 872 1502 audierat
889 1459 949 1500 non
969 1460 1035 1500 esse
1057 1437 1209 1518 Stephani,
1221 1436 1293 1495 dote
1305 1454 1371 1495 ιιοιι

195 1584 200 1591 .
272 1529 397 1602 reddite,
410 1552 477 1591 curn
490 1544 592 1613 postea
605 1546 636 1594 et
649 1534 816 1594 infirmitate
833 1552 896 1607 sus,
910 1543 942 1593 et
960 1533 1028 1592 odio
1045 1529 1270 1592 domesticorum
1284 1546 1372 1588 com-

273 1632 379 1695 motus,
394 1624 566 1705 adoptasset
577 1626 681 1699 filium,
693 1637 723 1687 ιι
735 1627 775 1686 ad
789 1626 914 1705 gentiles
925 1625 1147 1694 introduxisset,
1157 1640 1249 1703 puero
1261 1640 1282 1680 a
1295 1640 1372 1699 gen·

272 1714 371 1777 tilibus
386 1718 501 1798 rejecto,
511 1720 718 1800 jusjurandum
734 1720 763 1780 ei
775 1719 984 1790 deferentibus,
991 1714 1235 1799 jurarenolnerit,
1250 1712 1372 1791 religio·

275 1808 363 1889 nique
393 1830 477 1873 suern
515 1812 703 1891 cupiditatem
726 1811 938 1892 posthabuerit,
963 1811 1107 1889 aliumque
1129 1810 1231 1888 pce'teu
1253 1804 1374 1866 ιιιιιιιιι

274 1900 378 1973 civem,
392 1914 425 1963 ut
448 1906 554 1982 jubent
573 1904 666 1983 leges.
708 1906 765 1964 Hm
784 1905 862 1965 enim
880 1924 928 1964 res
948 1904 990 1964 ita
1002 1902 1151 1963 evidentes
1164 1918 1274 1979 magno
1287 1898 1372 1959 testi·

276 1994 373 2053 monio
385 2008 487 2055 contre
500 2015 551 2055 eos
564 1996 693 2065 inerunt,
706 1998 841 2056 Neaeram
854 2016 919 2056 esse
930 1995 1123 2075 peregrinam.

319 2087 365 2145 18.
382 2087 442 2146 Sed
460 2087 645 2149 considerate
667 2100 698 2147 et
716 2087 817 2148 sordes
838 2088 990 2168 Stephani,
1003 2098 1034 2146 et
1049 2084 1274 2166 improbitatem,
1286 2092 1323 2142 ιιι
1334 2102 1372 2143 ιι

276 2194 312 2235 ιι
324 2196 440 2255 quoque
454 2178 647 2259 perspicietis,
666 2180 806 2241 Nemeam
817 2199 877 2239 non
890 2198 955 2241 esse
970 2180 1075 2239 civem.
1116 2178 1291 2257 Epoenetum
1305 2176 1373 2235 An·

274 2268 380 2341 driuus,
405 2270 518 2331 Neserm
539 2282 664 2335 veterem
685 2283 854 2345 amatorem,
877 2273 925 2332 cui
946 2291 984 2332 ea
1006 2290 1113 2351 magno
1141 2269 1322 2340 constiterat,
1341 2280 1374 2329 et

276 2361 379 2423 diverti
403 2364 440 2423 ad
462 2365 543 2436 istos,
564 2384 632 2426 cum
650 2366 781 2425 Atheneo
804 2364 952 2439 seniebat,
973 2363 1101 2435 achitum,
1115 2372 1233 2443 propter
1254 2360 1372 2421 Nemea

278 2454 445 2526 amicitiam,
460 2456 628 2535 Stephanus
648 2451 701 2536 pe'r
720 2456 868 2517 insidias
861 2476 891 2517 ιιι
915 2474 1029 2537 ugrum
1042 2474 1095 2554 per
1114 2454 1242 2534 speeiem
1265 2452 1372 2512 divinae

278 2546 320 2606 ιιι
335 2546 478 2608 ιιιιιιιιιιι
491 2549 664 2610 accersitum
668 2550 790 2629 ,apud
782 2549 867 2611 rstius
879 2550 969 2610 hlium
987 2568 1040 2629 pro
1054 2535 1169 2608 thracho
1181 2544 1372 2624 eomprehen·
1405 2575 1409 2581 ·

279 2637 332 2709 dit,
345 2648 377 2699 et
390 2649 497 2702 terrore
511 2641 619 2722 injecto
630 2642 749 2723 triginta
758 2643 796 2703 ab
805 2661 841 2702 eo
854 2641 950 2702 minas
961 2648 1136 2719 extorquet·
1151 2650 1273 2717 quarum
1283 2655 1372 2716 spon·

277 2732 394 2799 entibus
414 2734 552 2839 acceptis,
576 2736 791 2806 Aristomacho,
814 2735 865 2813 qui
888 2734 983 2795 sexrir
1005 2732 1109 2806 ιιιιιιι,
1132 2740 1164 2790 et
1188 2728 1371 2809 Νιιιιίριιιιο,

278 2824 471 2895 ,Νιιιιιιιιιι
446 2828 496 2887 vrri
514 2828 641 2907 praetorii
664 2828 734 2902 filio,
754 2830 875 2887 missum
891 2846 958 2886 eum
977 2824 1060 2897 facit,
1072 2842 1126 2903 spe
1142 2822 1256 2901 argenti
1276 2822 1314 2882 sb
1336 2838 1372 2881 ec

278 2918 443 2998 recipiendi.
486 2919 632 3000 Egressus
656 2920 870 3025 Epoenetps,et
891 2916 1023 2996 suijuris
1043 2913 1201 2985 secenum
1224 2912 1371 2992 Stephano

278 3012 357 3093 apud
386 3013 514 3075 sexriros
543 3014 683 3094 queritur,
705 3010 913 3091 perinjurium
932 3028 965 3070 ue
987 3011 1025 3069 ab
1048 3028 1085 3069 ιο
1106 3010 1138 3067 in
1163 3006 1281 3067 vincula
1301 3026 1372 3067 cun·

274 3104 397 3182 jectum,
412 3106 528 3186 exlege
548 3126 614 3185 quae
631 3105 728 3185 jubet,
750 3102 853 3181 siquis
868 3102 994 3182 aliquem
1006 3101 1204 3182 perinjurium
1223 3118 1276 3180 pro
1288 3097 1370 3159 udul-

280 3210 343 3257 terc
371 3198 502 3271 vinxerit,
518 3207 551 3257 ut
571 3196 650 3277 apud
673 3196 804 3257 sexvircs
826 3204 1030 3276 conqueretur,
1054 3214 1087 3255 se
1112 3212 1164 3272 per
1187 3193 1321 3269 injurium
1341 3193 1371 3253 ιιι

279 3289 396 3349 uincula
419 3308 486 3349 esse
509 3295 688 3369 conjectum.
729 3290 817 3358 Quod
839 3289 862 3349 si
885 3307 952 3349 eum
970 3289 1020 3367 qui
1039 3287 1142 3358 vinxit,
1154 3286 1266 3358 vicerit,
1278 3294 1310 3371 et
1322 3304 1371 3365 per

279 3380 413 3458 injuriam
434 3380 545 3441 insidiis
567 3382 712 3462 appetitus
726 3402 792 3442 esse
813 3382 955 3455 rideatur,
969 3382 1064 3460 ipsum
1078 3380 1242 3440 indemnem
1254 3396 1329 3450 esse,
1341 3390 1370 3437 et

278 3478 437 3553 sponsores
460 3474 617 3554 sponsione
641 3476 734 3537 solvi:
757 3476 802 3535 sin
820 3475 952 3535 moechus
975 3491 1041 3535 esee
1061 3473 1203 3544 videatur,
1218 3490 1370 3551 ιροιιιοιιι

274 3567 417 3647 jubentur
446 3586 514 3629 eum
547 3568 709 3629 accusatori
740 3568 867 3641 trudere,
893 3568 951 3641 cui,
978 3586 1050 3627 ense
1084 3576 1217 3645 excepto,
1242 3582 1307 3623 eum
1341 3566 1370 3623 in

278 3660 426 3738 praetorio,
448 3679 503 3722 suo
523 3661 673 3733 arbitratu,
696 3672 729 3721 ut
748 3661 915 3722 adulterum
935 3672 1061 3722 tractare
1081 3660 1178 3721 liceat.
1221 3659 1288 3718 Hac
1307 3657 1370 3738 lege

167 3826 171 3839 Ι
279 3753 367 3831 igitur
386 3772 453 3813 eum
474 3763 593 3815 accuset
607 3754 777 3834 Epsenetus,
799 3774 834 3814 se
846 3774 933 3815 usum
946 3774 1012 3815 esse
1026 3752 1147 3814 muliere
1171 3752 1291 3828 fatetur,
1303 3769 1369 3809 mm·

279 3848 367 3909 chum
382 3866 448 3908 esse
461 3859 565 3927 neget:
595 3866 690 3926 neque
709 3848 787 3907 enim
809 3849 951 3928 Stephani
974 3866 1039 3907 esse
1058 3846 1159 3919 filiam,
1172 3844 1226 3905 sed
1249 3842 1368 3915 Nemee,

280 3950 457 4021 matremque
479 3942 626 4002 consciam
648 3958 713 4001 esse
732 3941 863 4020 ipsorum
888 3938 1120 4011 consuetudinis,
1144 3956 1234 4017 seque
1252 3933 1370 3996 multum

279 4033 322 4092 eis
345 4034 531 4115 impendisse,
544 4044 694 4113 totamque
716 4053 784 4093 cum
803 4032 883 4093 adsit
902 4033 984 4093 aiere
997 4030 1148 4104 familiam,
1161 4040 1192 4091 et
1210 4029 1306 4108 legem
1322 4045 1370 4088 ex·

280 4122 371 4197 hibet,
389 4146 455 4206 quse
469 4136 549 4187 vetet
573 4124 650 4205 apud
672 4144 722 4185 eas
743 4144 797 4205 pro
817 4124 931 4184 moecho
952 4123 1037 4204 arripi
1056 4141 1244 4202 quemquam,
1256 4140 1322 4201 quse
1342 4122 1370 4179 in

281 4218 401 4278 taberna
413 4220 558 4280 meritorie
580 4217 712 4289 sedeant,
733 4228 787 4278 aut
803 4218 833 4279 ιιι
847 4219 911 4278 seru
931 4215 1040 4294 aliquid
1061 4212 1369 4275 manifeste'vendantt

282 4310 433 4370 tabernam
447 4332 512 4372 esse
536 4331 601 4373 eam
624 4312 715 4391 ipsam
731 4311 871 4390 Stephani
892 4310 1011 4370 domum
1024 4306 1173 4380 dictitans,
1187 4317 1218 4367 et
1231 4316 1370 4385 questum

281 4401 441 4465 casiotum
465 4404 571 4478 fecere,
594 4414 625 4463 et
647 4404 716 4465 inde
738 4404 865 4465 maxime
885 4402 1069 4484 locupletari.
1110 4404 1186 4469 Qum
1200 4400 1289 4463 verim
1306 4410 1370 4459 cunt

277 4494 401 4573 jactaret
420 4494 592 4575 Epmnetue,
613 4508 643 4555 et
664 4498 810 4559 actionem
823 4497 1005 4571 instituisset,
1016 4494 1184 4575 intelligens
1197 4492 1370 4572 Stephanus,
