2967 5017
485 362 570 426 PRO
589 363 855 426 PHORMlONE.
930 406 933 413 «
1156 369 1214 425 ⁵57
1333 362 1335 371 '
1395 355 1399 363 ’

126 513 259 596 quemvis
273 522 306 574 tu
319 513 364 574 rir
375 531 466 590 aeter,
477 515 555 576 bunc
570 535 628 576 noo
644 527 673 577 te
687 516 816 578 remittit
825 525 951 578 tutorem
961 514 1072 589 lecerit,
1082 535 1217 579 uxorem·

98 613 101 626 ·
127 624 183 682 qne
197 603 434 684 eideeponderit,
447 614 479 666 et
490 607 635 667 virentem
649 626 716 668 eum
728 607 889 671 honorarit
922 607 1004 680 Jnre,
1014 607 1216 670 Athenienses.

127 695 155 754 N
156 714 204 755 am
217 695 319 775 reliqui
337 697 482 770 mensarii,
495 696 565 756 nihil
579 698 616 759 de
628 698 777 759 locatione
789 697 964 778 pendentes,
978 699 1101 778 redipri
1113 698 1143 759 in
1155 719 1219 774 rem

127 805 210 847 ruam
223 797 399 865 quaerentes,
412 805 514 849 omnes
527 789 693 868 perierunt:
713 789 763 850 hic
778 807 856 860 vero,
869 788 909 848 de
925 788 1072 864 locatione
1084 789 1218 868 pendent

126 877 196 937 bina
217 877 330 938 talenta
353 888 385 937 et
407 877 610 957 quadragenae
633 879 738 951 minae,
763 898 895 939 mentem
917 880 1000 939 vobit
1024 881 1217 942 conservavit.

127 973 260 1042 Qnornm
274 971 322 1031 ille
335 972 543 1032 beneficiorum
554 980 706 1032 memoret
718 970 898 1050 graturfuit3
913 979 946 1029 tn
956 969 1067 1030 nullam
1076 969 1220 1030 rationem

126 1061 297 1135 habeared
320 1072 424 1122 contra
437 1071 644 1122 tentamentum
664 1070 697 1122 et
714 1061 930 1133 exsecrationes
942 1061 973 1120 in
987 1057 1091 1121 eodem
1105 1071 1219 1140 epatre

126 1152 292 1232 inscriptos,
312 1155 457 1232 exagites,
474 1153 639 1224 insectatio,
656 1153 850 1215 calumniaris.
892 1152 919 1211 0
942 1154 984 1213 vir
1004 1153 1125 1232 optime,
1144 1157 1169 1216 ti
1189 1165 1219 1216 te

126 1253 225 1304 tamen
244 1247 284 1305 ita
298 1237 440 1306 nominari
450 1245 496 1306 lar
506 1255 563 1320 eet,
576 1265 636 1307 non
650 1247 766 1308 detineo
780 1265 876 1325 neque
888 1245 1046 1326 intelliget,
1057 1248 1219 1310 bonitatem
1268 1269 1274 1276 ·

126 1352 237 1416 magna
246 1337 371 1416 pecunia
383 1356 450 1397 erre
462 1337 626 1417 potioreml
647 1336 724 1411 Tibi,
737 1357 807 1397 vera
820 1338 845 1397 ei
858 1337 945 1410 dicis,
958 1346 1003 1399 tot
1016 1349 1146 1419 acceptae
1165 1360 1218 1421 pe·

92 1495 95 1500 ,
127 1427 220 1486 cuuiae
233 1429 382 1508 perierunt
394 1446 506 1504 omnes,
519 1439 553 1490 nt
566 1429 623 1490 air:
637 1439 669 1490 at
681 1429 706 1490 ai
718 1430 868 1492 modestus
881 1428 997 1504 luirree,
1009 1437 1159 1510 nunquam
1168 1451 1218 1494 eae

127 1518 380 1600 conrurnpsiuaee.⁸

167 1612 217 1670 19.
237 1611 302 1690 Ego
315 1631 396 1683 vero,
409 1630 442 1672 re
456 1615 494 1674 eb
507 1614 587 1674 omni
605 1624 685 1693 parte
698 1611 893 1685 considerata,
909 1613 1024 1674 medius
1037 1613 1136 1684 fidiur,
1146 1612 1221 1672 nibil

125 1699 222 1772 video,
237 1721 292 1761 cur
300 1702 417 1780 judicer
430 1720 451 1759 e
460 1711 490 1760 te
502 1704 674 1780 pertaederi
687 1703 740 1761 eibi
755 1704 852 1762 sinent
869 1711 905 1761 ut
923 1702 1003 1760 hunc
1014 1703 1221 1764 condemnent.

125 1791 209 1856 Quid
221 1790 314 1848 eniml
333 1791 381 1847 An
390 1789 470 1868 quod
481 1790 648 1849 recentibus
661 1791 760 1850 edhuc
769 1789 880 1868 injuriis
891 1790 1032 1850 wentani
1046 1791 1087 1849 At
1096 1792 1180 1854 annia
1192 1802 1224 1854 et

121 1879 307 1958 temporibur
321 1879 471 1958 praeteritio
485 1879 655 1940 criminaris.
697 1883 757 1952 An,
770 1880 850 1959 quod
872 1879 1025 1963 interjecto
1046 1893 1176 1963 tempore
1191 1883 1222 1944 in

125 1971 186 2030 otio
200 1981 230 2030 te
243 1969 432 2030 continuisti?
472 1969 533 2028 Sed
552 1971 615 2048 quie
628 1972 745 2050 ignoret
761 1989 849 2050 qnam
863 1970 1012 2048 inquietus
1027 1983 1057 2032 et
1069 1974 1223 2036 turbuleu·
1331 1983 1336 1991 '

127 2070 174 2121 tue
198 2072 341 2140 perpetuo
362 2060 463 2134 fuerin,
486 2079 546 2121 uon
575 2062 694 2140 privatio
714 2061 805 2121 modo
831 2063 953 2122 trintina
978 2062 1159 2124 intendendo
1175 2065 1223 2130 hir

127 2153 207 2215 baud
221 2155 343 2227 minora,
357 2153 411 2214 red
424 2163 455 2212 et
465 2153 584 2232 publice
597 2154 741 2231 quosdam
755 2153 965 2215 calumniando
982 2163 1013 2213 et
1035 2155 1065 2213 in
1075 2154 1223 2233 judicium

128 2243 325 2305 adducendo?
354 2244 461 2318 Nonne
474 2244 693 2305 'I'imomechum
709 2244 891 2306 accurabarl
926 2243 1034 2305 Nonne
1048 2246 1224 2326 Callippum,

129 2355 197 2396 eum
217 2336 268 2417 qui
289 2355 369 2396 nunc
383 2345 428 2396 ert
444 2338 474 2396 in
489 2332 617 2396 Siciliel·
640 2337 709 2396 Non
726 2357 827 2397 rurrue
852 2335 1036 2397 Menonemi
1055 2356 1116 2396 non
1129 2327 1229 2398 Autoss

130 2427 228 2488 cleml
248 2447 308 2487 non
329 2426 536 2488 Timotheum?
557 2447 615 2488 non
636 2429 709 2488 alioe
727 2427 857 2490 multoel
888 2428 1054 2501 Enimvero,
1068 2449 1135 2508 qute
1147 2431 1223 2492 ratio
1334 2456 1336 2461 ·

128 2517 185 2578 fnit
205 2529 239 2578 ut
259 2529 292 2578 tu
314 2519 364 2598 qui
380 2519 575 2599 Apollodorus
595 2539 687 2591 coner,
707 2519 827 2598 publica
849 2520 966 2602 delicta,
987 2540 1111 2599 qnorum
1131 2533 1223 2603 quota

130 2609 225 2687 portio
235 2609 274 2669 ed
287 2620 317 2670 te
329 2611 481 2683 attinebat,
489 2609 591 2670 ulcisci
605 2611 684 2690 priua
694 2611 797 2678 velles,
810 2630 897 2689 quam
908 2611 1035 2690 prireter
1047 2611 1224 2692 injuriando

131 2701 237 2779 quibua
260 2720 340 2760 nunc
353 2700 490 2780 quereris,
504 2703 650 2780 persequi,
665 2703 835 2780 praesertim,
854 2701 880 2761 ri
900 2703 954 2762 tibi
976 2702 1155 2764 eredendum
1174 2706 1223 2780 eit,

130 2802 238 2854 nume.
280 2791 359 2859 Quid
372 2791 460 2868 igitur
472 2791 538 2851 illos
550 2793 718 2864 accusabas,
731 2792 811 2850 hunc
824 2794 1002 2853 omittebael
1027 2787 1126 2857 Nulla
1139 2797 1223 2856 nimi-

131 2902 193 2942 rum
206 2882 259 2943 tibi
275 2882 364 2943 fiebat
386 2881 499 2961 injuria,
520 2883 574 2942 eed
596 2901 674 2942 nunc
697 2881 937 2942 calumniatorem
960 2883 1035 2960 egis.
1078 2885 1224 2963 Equidem

131 2977 265 3049 arbitror,
277 2976 484 3047 Athenienses,
497 2975 629 3056 omnium
640 2967 764 3034 maxime
776 2973 815 3033 ed
828 2992 890 3033 rem
904 2973 1010 3050 fecere,
1020 2982 1056 3032 ut
1066 2973 1171 3034 hurum
1180 2996 1225 3035 re-

107 3085 108 3088 ’
129 3085 193 3126 rum
206 3069 296 3126 tester
310 3067 503 3126 adducentur.
544 3063 620 3124 Eum
629 3066 707 3126 enim
719 3064 770 3143 qui
784 3064 1139 3142 perpetuooalumniatur,
1154 3066 1225 3143 quid

130 3177 207 3218 nnnc
220 3158 318 3218 lacere
332 3157 556 3219 exirtinrandum
570 3156 638 3216 eati
660 3157 761 3235 Atque
775 3154 847 3213 illud
861 3154 949 3225 etium
963 3173 1020 3234 ego
1033 3174 1116 3229 rane,
1128 3157 1224 3218 Athe-
1332 3181 1337 3188 ·

130 3251 256 3320 nieneer,
278 3249 422 3319 existimo,
436 3267 504 3326 queo
521 3248 630 3308 indicia
642 3258 711 3307 sunt
728 3265 843 3308 morum
857 3245 1039 3306 Phormionir
1058 3255 1089 3306 et
1101 3248 1224 3328 jurtitioe
1242 3255 1245 3262 '

130 3341 193 3420 ejne
206 3349 239 3400 et
251 3339 448 3411 humanitatis,
460 3359 497 3400 ee
510 3340 596 3400 etiam
610 3358 626 3399 e
640 3357 672 3399 re
690 3357 755 3400 erre
765 3349 801 3396 ut
813 3336 897 3398 vobin
911 3347 1104 3416 exponantur.
1144 3341 1225 3402 Nam

131 3434 180 3512 qui
193 3433 317 3495 oscetin
330 3431 568 3510 omneriniquur,
585 3430 728 3501 fortensis,
742 3440 776 3490 ut
795 3427 845 3488 itti
856 3429 945 3490 etiam
956 3429 1090 3504 iujuriam
1102 3432 1224 3506 feceret,
1327 3424 1330 3428 ⁴

132 3525 192 3584 fieri
204 3525 366 3604 potuirret:
390 3524 523 3601 quivero
538 3523 647 3584 nemini
667 3522 756 3582 ullam
770 3521 903 3601 injuriam
915 3523 994 3595 lecit,
1007 3522 1037 3580 in
1055 3525 1164 3586 multos
1178 3527 1224 3586 ul·

132 3627 176 3677 tro
198 3618 341 3678 beneficia
360 3615 534 3688 contulit,ia
554 3633 613 3694 que
636 3615 757 3676 tandem
778 3615 923 3694 probabili
944 3608 1058 3679 ratione
1079 3616 1222 3696 impulrut

132 3708 218 3771 ictum
238 3711 333 3771 solum
354 3727 392 3769 ex
412 3707 545 3768 omuibus
558 3705 701 3768 violaret?
729 3707 785 3767 Hir
804 3705 892 3786 igitur
915 3706 1086 3768 testimoniis
1107 3706 1224 3778 auditir,

132 3803 283 3882 utriusque
297 3801 445 3882 ingenium
459 3799 655 3880 cognoscetis.

542 3942 812 4036 nnsrruonrr'.

136 4111 220 4171 Nocti
232 4111 320 4171 etiam
334 4109 385 4170 illa
397 4109 426 4168 in
441 4107 653 4188 Apollodorum
667 4106 704 4167 de
717 4104 925 4196 improbitate?

545 4307 811 4369 TESTIMONIA.

138 4451 185 4510 dn
198 4469 268 4512 vero
281 4439 337 4514 inte
350 4449 419 4510 huic
431 4447 532 4509 similit
546 4448 585 4509 ait
596 4447 791 4509 considerata.
833 4447 945 4513 mou.
