2967 5017
448 351 623 416 CONTRA
641 349 912 416 ululantium.
1176 356 1213 416 al

123 522 235 594 patrem
257 511 323 593 ejus
341 511 421 573 olim.
449 511 540 592 Atqui
560 532 607 573 res
627 511 716 589 reita
733 531 795 571 non
807 511 906 594 lnabet.
939 507 1019 570 Nihil
1039 519 1140 584 restat,
1157 533 1217 576 non

123 602 239 678 domm,
252 623 312 662 non
321 603 401 678 villa,
414 621 472 662 non
485 603 607 683 fundus,
620 621 680 662 non
691 604 777 680 servi,
791 621 851 664 non
864 622 907 664 oes
920 603 1126 675 alienum,n0n
1138 604 1219 666 eliud

123 695 293 800 quicquam,
305 695 532 756 undehominea
554 693 880 758 nonmaieficiviruut.
910 694 972 755 Sed
985 691 1112 756 istild'co
1129 697 1219 776 patri·

123 788 215 846 monii
228 797 365 868 superest
375 787 556 867 improbitas
570 787 729 860 calumnia,
748 786 936 861 confidentia,
950 785 1101 859 delicias
1094 791 1223 867 ignavia,

122 877 315 985 impudentia,
336 880 525 940 erubescendi
535 882 575 942 ob
592 878 827 958 turpitudinem
819 877 950 940 inantia:
971 879 1076 976 quibus
1095 899 1113 940 e
1133 875 1221 944 rebus

123 969 195 1033 aivis
209 972 354 1054 pessimus
364 981 396 1031 et
406 973 600 1055 nequissimus
608 971 734 1032 conflari
748 979 846 1050 q'ueat.

164 1066 214 1122 22.
237 1063 342 1142 Neque
362 1084 435 1126 uero
449 1065 658 1144 patrimonium
679 1063 827 1124 duntaxat
844 1064 1017 1144 absumpsit,
1034 1063 1087 1126 sed
1104 1065 1224 1144 publica

70 1231 73 1237 Ι
123 1166 231 1227 restra,
251 1156 361 1237 ¹quibus
381 1158 513 1235 unquam
528 1158 639 1236 potitus
656 1156 722 1216 fuit.
757 1153 862 1216 Nam'
854 1175 880 1216 ra
902 1175 992 1235 quum
1013 1171 1050 1215 ea
1070 1155 1222 1230 sitente,

124 1264 214 1326 quam
226 1267 278 1307 ros
300 1247 417 1322 videtis,
430 1248 528 1324 nuilus
543 1247 730 1326 magistratus
751 1256 798 1306 est
811 1247 950 1317 omnium,
966 1265 1057 1326 quern
1074 1267 1133 1308 non
1156 1269 1223 1328 ges-

125 1338 204 1409 serit,
216 1357 276 1398 non
289 1337 372 1398 illum
385 1337 503 1416 quidem
517 1347 594 1398 sorte
607 1337 748 1410 oblatum,
757 1346 812 1398 aut
824 1336 963 1417 suffragio
975 1337 1157 1412 mandatum,
1170 1341 1224 1402 sed

125 1447 229 1488 omnes
239 1427 332 1509 pretio
342 1438 445 1490 contm
452 1430 534 1510 leges
546 1428 722 1507 rede'mptos.
746 1429 879 1496 Quorum
891 1447 948 1507 ego
958 1426 1089 1508 plurimis
1099 1430 1226 1506 omissis,

125 1518 251 1579 duorum
264 1519 408 1582 duntaxat
420 1531 472 1581 aut
484 1521 570 1584 trium
583 1521 690 1582 faciam
702 1520 891 1582 mentionem.
913 1520 1026 1582 Censor
1038 1519 1146 1591 factus,
1160 1522 1225 1600 plu·

125 1611 229 1670 rimum
237 1608 405 1691 reipublice
419 1613 528 1685 nocuit,
543 1633 611 1677 cum
621 1613 791 1672 muneribus
801 1613 839 1672 ab
853 1612 888 1672 iia
898 1611 1088 1692 accipiendis,
1101 1612 1152 1691 qui
1165 1632 1227 1674 rem

126 1703 203 1762 maia
218 1715 383 1782 gesserant,
398 1715 461 1766 tum
479 1704 515 1764 iis
535 1704 660 1765 maxime
673 1703 900 1776 calumniando,
916 1705 967 1782 qui
980 1704 1108 1764 rationes
1121 1705 1227 1765 refere-
1275 1715 1290 1736 ⁸

125 1797 211 1866 bant,
233 1796 359 1857 etmihi}
378 1807 549 1876 peccarant.
579 1797 737 1877 Imperavit
756 1796 843 1858 etiam
865 1797 969 1871 Andri,
990 1797 1112 1878 imperio
1139 1818 1227 1858 xxx.

127 1887 214 1947 minis
227 1888 389 1968 redempto,
397 1909 433 1950 ac
445 1889 568 1949 novenis
579 1889 673 1950 obolis
684 1890 713 1948 in
722 1890 831 1949 minam
844 1883 971 1968 pecunia
980 1899 1082 1951 mutuo
1094 1901 1228 1968 sumpta:

127 1988 162 2036 ut
174 1987 335 2039 vestrorum
349 1981 494 2040 sociorum
508 1982 613 2060 opibus
635 2000 721 2042 suam
741 1981 956 2061 improbitatem
976 1980 1122 2059 expleret.
1150 1981 1228 2042 Tari-

128 2079 249 2149 tamque
275 2071 498 2150 petulantiam'
491 2091 521 2128 ιιι
537 2072 720 2130 hominum
710 2089 907 2148 ingenuorum
934 2089 1040 2129 mores
1060 2073 1229 2148 ostentavit,

128 2170 270 2240 quantam
288 2175 375 2221 nemo
390 2162 465 2220 alius
477 2180 628 2240 unquam·
650 2178 775 2238 quorum
788 2180 844 2240 ego
858 2161 1002 2220 neminem
1017 2160 1076 2220 huo
1089 2181 1175 2235 voco,
1189 2163 1229 2224 ad

128 2272 212 2313 suam
226 2253 420 2312 calamitatem
422 2271 530 2331 ,quam
543 2250 658 2311 silentio
672 2260 773 2329 tegare
787 2251 900 2324 statuit,
914 2252 1031 2331 publice
1044 2238 1229 2316 testandam.

129 2345 185 2406 aed
202 2345 234 2403 id
247 2345 330 2404 vobis
344 2343 476 2422 relinquo
495 2343 695 2449 cogitandum.
719 2342 800 2410 Quid
814 2363 882 2404 vero
903 2343 1103 2424 exspectatis?
1124 2345 1183 2414 Qui
1196 2366 1231 2409 aa

130 2436 256 2499 Athenis
269 2435 432 2496 insolenter
445 2435 529 2514 gerit,
549 2436 654 2496 nonin
667 2436 741 2496 alios
756 2435 910 2510 duntaxat,
926 2437 981 2498 sed
994 2446 1025 2498 at
1041 2437 1070 2497 in
1085 2457 1171 2498 suum
1185 2439 1230 2520 ip-

130 2525 192 2586 sius
206 2543 324 2604 corpus,
339 2543 406 2585 cum
426 2524 510 2603 leges
525 2526 593 2598 sint,
607 2545 674 2585 cum
696 2545 750 2586 vos
762 2525 895 2602 videatis,
909 2548 976 2588 cum
998 2529 1109 2590 inimici
1129 2533 1155 2601 ei
1175 2532 1231 2594 im-

130 2619 280 2678 mineantr
301 2636 369 2676 eum
387 2615 536 2677 licentiam
555 2625 688 2696 nactum,
699 2621 943 2685 etauctoritatem
963 2629 1052 2698 atque
1069 2623 1231 2699 imperium,
1292 2661 1294 2670 ι

131 2709 199 2788 quis
213 2720 312 2788 speret
324 2708 416 2768 ullum
426 2709 644 2788 praetermisisse
654 2709 875 2785 spurcissimum
885 2709 1015 2770 lacinus?
1030 2711 1076 2771 Ac
1086 2711 1155 2770 mihi
1165 2733 1231 2792 pro·

131 2801 218 2863 tecto
223 2819 303 2880 soepe
316 2800 405 2860 subiit
416 2799 585 2867 felicitatem
600 2808 708 2859 nostrie
722 2799 803 2860 urbis
817 2799 924 2875 mirari,
935 2821 1002 2863 curu
1012 2803 1051 2870 ob
1061 2801 1119 2862 alia
1129 2804 1232 2880 multa,

131 2902 196 2955 tum
210 2895 249 2955 ob
272 2891 346 2953 illud
366 2893 503 2966 maxime,
525 2892 609 2972 quod
627 2911 664 2952 eo
683 2900 815 2973 tempore
835 2891 934 2954 nullus
954 2894 1035 2959 urbis
1054 2895 1232 2960 Andriorum

133 2997 250 3066 emptor
262 2986 384 3046 exstitit.
439 3033 443 3036 .

175 3081 226 3140 23.
247 3078 308 3138 Sed
322 3075 453 3143 fortassis
468 3097 519 3157 per
533 3096 566 3137 se
581 3041 770 3156 magistratus
782 3075 839 3137 luit
851 3075 1017 3157 improbus,
1028 3098 1097 3140 cum
1109 3079 1233 3161 collegis

135 3182 235 3254 autem
261 3159 439 3231 moderatus.
469 3169 582 3230 Unde?
604 3169 674 3242 iste,
695 3168 902 3240 Athenienses,
926 3181 1043 3232 senatur
1068 3172 1165 3234 lactus
1188 3183 1256 3234 est·

134 3276 261 3342 praetore
282 3261 476 3342 Nicophemo.
512 3261 621 3320 Omnia
634 3280 719 3341 porro
741 3261 803 3342 ejus
825 3260 957 3322 facinora
979 3261 1029 3330 illo
1046 3281 1124 3327 anuo
1144 3264 1234 3340 edita,

137 3355 245 3434 exigua
254 3353 377 3424 dieculae
390 3363 475 3434 parte
488 3353 565 3412 velle
578 3371 741 3426 recensere,
757 3353 915 3414 absurdum
930 3354 1034 3417 fuerit:
1054 3375 1121 3433 quas
1135 3368 1234 3422 eutem

137 3446 251 3507 crimini
270 3445 359 3524 hujus
384 3445 487 3524 judicii
510 3445 636 3504 maxime
660 3454 732 3504 sunt
751 3443 856 3515 affinia,
880 3463 916 3504 ea
935 3465 1081 3524 exponam
1100 3449 1236 3510 breviter.
1267 3467 1274 3475 ·

138 3537 252 3597 Eodem
271 3537 361 3616 igitur
374 3547 510 3616 pretore,
528 3555 597 3595 cum
618 3536 673 3596 iste
690 3545 810 3604 senator
830 3547 919 3610 esset,
942 3536 1083 3596 Minerva
1106 3549 1236 3617 quaestor

138 3627 195 3687 luit
207 3627 410 3708 Hagesander,
422 3627 542 3706 Crobyli
556 3627 655 3685 irater.
676 3625 863 3686 Furnbantur
873 3637 971 3684 autem
984 3625 1071 3700 clam,
1084 3638 1116 3687 et
1128 3649 1238 3708 magna

137 3737 207 3778 cum
219 3720 278 3780 fide
291 3719 429 3787 amicitias
453 3736 493 3780 ιι.
515 3717 669 3780 drachmae
681 3718 803 3778 ciuitati.
827 3720 940 3783 Quare
956 3715 1000 3775 vir
1020 3719 1127 3792 bonus,
1148 3721 1235 3780 Pam-

137 3800 238 3892 philus
246 3811 458 3883 Aeherduaiua,
468 3811 661 3872 cuicumisto
670 3809 825 3870 simultatis
836 3807 947 3889 aliquid
954 3806 1166 3886 intercedebat,
1176 3813 1238 3872 ani·

57 3931 69 3950 .
138 3902 303 3978 madrersa,
319 3911 488 3970 ,commotus
501 3903 532 3962 in
548 3902 691 3964 concione
711 3901 845 3972 surrexit,
864 3919 899 3960 ac
918 3899 1010 3960 dixit:
1033 3900 1238 3980 Athenienses,

139 3993 275 4059 furentur
287 3995 369 4062 nobis
383 3995 575 4059 communiter
587 3993 708 4056 maritus
727 4003 759 4054 et
772 4011 845 4051 uxor
862 3991 941 4051 mille
954 3991 1118 4054 drachmas.
1145 3995 1238 4057 Vobis

140 4097 240 4155 autem
253 4086 414 4160 mnnita,
426 4107 486 4165 quo
502 4096 591 4166 pacto
607 4085 729 4146 maritus
743 4093 776 4144 et
787 4103 872 4158 uxor,
889 4084 1002 4163 etquid
1022 4103 1060 4144 ea
1076 4085 1130 4144 sibi
1151 4087 1239 4149 vellet

140 4179 245 4249 oratio,
259 4179 445 4258 paulopost:
466 4178 609 4258 ignoratis
617 4177 689 4256 quid
699 4175 820 4240 dinami
840 4175 965 4234 Maritus
976 4195 1056 4236 nune
1067 4187 1123 4252 est,
1134 4177 1239 4258 inquit,

141 4270 338 4348 Hagesander
347 4271 409 4344 ille,
422 4271 472 4351 qui
485 4291 560 4334 uxor
572 4271 646 4333 olim-
655 4281 686 4330 et
697 4269 761 4349 ipse
774 4267 838 4342 fuit,
853 4267 1077 4330 leodamantis:
1093 4289 1177 4347 uxor,
1188 4271 1239 4332 Ti·

140 4363 289 4432 marchus.
325 4363 394 4432 Quo
407 4371 504 4428 auam
514 4372 607 4448 pacto
627 4361 751 4442 pecunia
769 4359 950 4439 surripiatur,
971 4380 1028 4442 ego
1048 4358 1154 4424 dinam.
1189 4365 1241 4425 Ao
1313 4437 1315 4442 Ι

140 4453 251 4524 deinde
262 4473 325 4520 rent
339 4456 515 4538 exponebat,
525 4473 651 4534 umque
661 4452 750 4516 'ualde
762 4451 950 4533 probabiliter
963 4451 1162 4536 dilucideque.
1185 4453 1240 4516 iiis
