2967 5017
255 277 314 338 662
470 279 515 340 IN
535 279 739 342 EVERGUM
762 279 812 340 ET
832 277 1123 344 MNESIBULUII.

254 442 361 517 sertim,
371 439 507 526 quilegie
521 455 551 506 et
564 445 745 508 decretorum
757 459 916 509 vestrorum
925 449 1098 510 auctoritate
1109 464 1146 509 ea
1155 467 1221 528 qum
1232 445 1347 508 deben-

254 544 303 595 tur
316 535 416 617 exigit.
459 538 536 618 Lege
551 539 621 598 mibi
635 539 764 615 decreta,
777 552 807 600 et
820 540 997 602 testimonia.

548 759 754 822 DECRETA.
794 759 1060 818 TESTIMONIA.

298 899 343 956 12.
365 897 441 957 Cum
452 907 548 959 autem
563 912 663 980 erepta
676 899 745 959 mihi
760 910 856 960 essent
869 901 991 980 pignora
1004 923 1023 960 a
1035 900 1224 980 Theophemo
1242 909 1274 960 et
1287 920 1345 980 ego

252 989 420 1050 verberibus
435 991 568 1064 affectus,
578 1013 749 1072 progressus
764 993 792 1051 in
807 1004 950 1063 senatum,
963 994 1083 1053 verbera
1096 993 1223 1063 ostendi,
1236 1003 1346 1072 atquae

253 1101 410 1164 perpessus
433 1103 528 1144 essem
551 1086 674 1157 narravi,
697 1087 785 1164 idque
805 1085 955 1163 exigendis
978 1085 1050 1165 reip.
1067 1085 1263 1146 armamentis.
1304 1087 1346 1145 Aa

254 1186 384 1246 senatus,
400 1177 437 1236 ob
448 1197 484 1235 ea
496 1197 562 1255 quae
579 1177 655 1236 mihi
664 1177 832 1237 acciderant
841 1178 1019 1256 indignatus,
1034 1199 1101 1238 cum
1115 1197 1161 1237 me
1174 1190 1207 1238 ut
1220 1177 1344 1237 affectus

258 1285 355 1328 essem
376 1267 505 1338 vidisset,
527 1289 649 1348 eamque
666 1271 871 1330 contumeliam
896 1291 956 1330 non
977 1271 1056 1341 mihi,
1074 1271 1125 1329 sed
1149 1271 1202 1329 sibi
1224 1271 1286 1349 ipsi,
1313 1282 1347 1330 et

253 1361 363 1440 populo
384 1361 494 1420 decreti
516 1363 636 1432 auctori,
651 1373 682 1421 et
703 1362 762 1440 legi
787 1383 853 1438 quse
872 1365 987 1441 exigere
1009 1373 1189 1422 armamenta
1215 1373 1344 1440 cogeret,

253 1453 363 1515 laetam
376 1453 561 1524 existimaret,
575 1453 644 1512 mihi
665 1454 823 1528 mandavit,
837 1464 870 1513 ut
894 1475 961 1514 eum
982 1455 1142 1532 majestatis
1164 1473 1343 1527 accusarem,

252 1555 283 1606 et
296 1547 429 1606 curiones
441 1547 467 1608 ei
481 1547 593 1608 dictare
609 1547 752 1623 judicium
765 1547 841 1608 intra
852 1547 983 1619 biduum,
994 1559 1028 1608 ut
1050 1548 1153 1628 injurio
1165 1558 1196 1607 et
1208 1547 1343 1607 navalem

226 1691 228 1694 .
253 1640 466 1719 expeditionem
478 1641 657 1721 impedienti,
666 1642 766 1717 jussit,
778 1653 932 1721 propterea
944 1642 1025 1720 quod
1043 1653 1074 1700 et
1087 1649 1266 1701 armamenta
1283 1659 1344 1700 non

253 1732 398 1804 redderet,
413 1744 443 1794 et
455 1735 578 1814 pignora
596 1735 760 1814 eripuisset,
774 1745 805 1795 et
827 1754 874 1794 me
896 1734 946 1814 qui
962 1735 1107 1814 exigerem
1121 1745 1151 1793 et
1163 1734 1274 1813 reipub.
1296 1733 1345 1793 iu·

254 1825 389 1886 servirem
403 1825 569 1888 verberibus
583 1827 738 1886 affecisset.
770 1827 861 1886 Facto
880 1827 968 1904 igitur
981 1827 1019 1886 de
1034 1824 1346 1905 Theophemojudicio

252 1916 283 1975 iu
296 1929 407 1990 senatu,
417 1939 451 1978 ea
464 1919 579 1977 actione
590 1937 648 1996 qua
659 1935 715 1995 ego
724 1936 791 1974 eum
802 1916 976 1986 detulemm,
983 1926 1014 1976 et
1023 1918 1136 1995 utrique
1147 1918 1217 1976 data
1227 1916 1346 1976 dicendi

251 2020 406 2088 potestate,
420 2008 536 2069 occulte
551 2010 670 2070 seorsim
684 2009 908 2068 decernentibus
921 2009 1112 2081 senatoribus,
1127 2011 1284 2069 damnatus
1299 2019 1346 2068 est

252 2099 376 2159 incuria
397 2111 428 2161 et
451 2102 556 2176 iujuste
579 2102 682 2162 secisse
703 2101 800 2160 visus:
821 2119 887 2160 curn
910 2110 1008 2160 autem
1025 2101 1087 2178 jam
1111 2101 1141 2159 in
1163 2120 1199 2159 eo
1223 2111 1346 2160 senatus

251 2201 332 2253 esset
345 2202 378 2251 ut
391 2193 570 2263 decerneret,
585 2202 681 2253 utrum
697 2213 763 2252 eum
774 2194 886 2270 judicio
899 2192 1037 2262 traderet,
1050 2211 1087 2250 an
1100 2193 1267 2269 quingentis
1277 2193 1348 2253 dra-

252 2283 343 2344 chmis
366 2284 530 2356 mulctaret,
545 2295 662 2363 quantae
689 2285 807 2343 mulctae
830 2283 996 2361 infligendae
1018 2302 1054 2342 ex
1076 2283 1144 2361 lege
1168 2293 1347 2362 potestatem

251 2375 408 2446 habebant,
422 2378 571 2435 orantibus
591 2376 649 2434 istis
669 2376 803 2434 omnibus
817 2386 847 2434 et
867 2374 1110 2454 supplicantibus,
1124 2386 1153 2434 et
1178 2394 1265 2452 quem
1284 2395 1347 2436 non

252 2466 467 2545 deprecatorem
483 2465 721 2539 subornantibus,
734 2476 766 2525 et
779 2465 1000 2544 descriptionem
1020 2478 1262 2526 armamentorum
1276 2469 1346 2528 red·

251 2559 388 2619 dentibus
403 2560 499 2618 atatim
520 2561 549 2617 iu
565 2570 677 2630 senatu,
693 2570 723 2617 et
736 2559 774 2618 de
787 2558 956 2618 verberibus
973 2577 1006 2616 aa
1025 2559 1162 2618 arbitrum
1176 2571 1345 2638 sumpturos

250 2651 414 2712 dicentibus
436 2671 521 2730 quem
538 2652 671 2732 juberem
692 2651 923 2723 Atheniensium,
941 2651 1084 2723 concessi,
1103 2663 1137 2711 ut
1155 2650 1344 2730 Theophemo

251 2745 288 2804 lio
301 2745 530 2824 vigintiquinque
543 2743 689 2804 drachmis
704 2745 907 2805 estimaretur.
949 2744 1024 2812 Quae
1046 2752 1080 2802 ut
1100 2763 1167 2803 vere
1189 2763 1207 2803 a
1224 2744 1345 2806 medici

252 2849 378 2926 constet,
393 2849 454 2898 tum
467 2857 520 2897 rus
534 2857 616 2916 rogo,
625 2837 674 2916 qui
689 2848 814 2916 praetore
827 2835 992 2915 Agathocle
1001 2835 1031 2893 iu
1045 2845 1177 2896 senatum
1192 2836 1295 2906 itastis,
1309 2848 1345 2896 ut

251 2930 447 2991 assidentibus
460 2929 574 3001 dicatis,
589 2941 650 2988 tum
664 2946 856 3006 quoscunque
869 2947 906 2986 ex
925 2926 983 2987 illis
996 2927 1178 2988 senatoribus
1192 2948 1248 3006 ego
1260 2947 1345 3008 repe·

252 3025 307 3086 rire
319 3025 411 3105 potui,
425 3035 514 3084 testes
528 3022 612 3084 vobis
625 3021 795 3101 producam.

660 3267 930 3328 TESTIMONIA.

252 3411 319 3494 Ego
329 3411 427 3492 igitur,
438 3411 569 3485 IudIces,
584 3413 659 3473 adeo
669 3432 773 3492 aequus
783 3413 814 3472 in
828 3413 900 3472 istos
915 3410 967 3470 lui.
1009 3411 1184 3490 Quanquam
1193 3399 1342 3470 decretum

253 3505 395 3588 publicari
408 3505 563 3566 facultates
574 3506 708 3585 jubebat,
723 3525 782 3566 nou
795 3511 857 3581 ejus
869 3503 958 3566 modo
971 3504 1020 3585 qui
1033 3514 1213 3565 armamenta
1225 3504 1344 3583 publica

253 3619 312 3660 non
325 3599 472 3670 redderet,
485 3599 536 3658 sed
551 3598 614 3678 ejus
628 3599 715 3658 etiarn
729 3599 779 3676 qui
792 3599 905 3677 privata
926 3617 982 3658 aua
1004 3596 1152 3656 venderet.
1194 3595 1259 3655 Tali
1279 3606 1341 3656 tum

252 3701 495 3753 armamentomm
508 3691 538 3749 in
552 3691 623 3762 urbe
638 3690 760 3770 penuria
772 3690 967 3750 laborabatur.
1008 3687 1086 3768 Lege
1099 3688 1168 3748 mibi
1182 3689 1342 3750 decretum.

679 3907 929 3968 DECRETUM.

296 4057 344 4112 13.
366 4053 523 4123 Reversus,
541 4050 674 4122 Iudices,
694 4061 727 4110 ut
743 4050 852 4110 nemini
873 4068 934 4108 rem
958 4049 1126 4127 permittere
1138 4047 1344 4127 Theophemus

252 4147 346 4208 voluit
359 4147 396 4207 de
410 4148 506 4227 plagis
519 4165 592 4226 quaa
614 4145 651 4206 ab
665 4165 701 4205 eo
714 4143 746 4203 id
761 4142 899 4221 temporis
913 4161 1094 4221 acceperam,
1104 4162 1171 4202 eum
1185 4141 1215 4201 in
1225 4141 1276 4220 jus
1292 4161 1345 4201 ro·

254 4247 353 4300 catum
364 4241 569 4300 verberationis
584 4237 728 4299 accusavi.
766 4237 844 4296 Cum
853 4254 922 4294 vero
931 4246 961 4294 et
971 4235 1032 4315 ipse
1045 4235 1115 4294 mihi
1128 4233 1256 4295 vicissim
1266 4233 1345 4294 diem

254 4332 384 4404 dixisset,
395 4343 424 4392 et
437 4333 533 4392 arbitri
543 4331 656 4411 judicia
668 4332 821 4403 habereut,
837 4348 927 4407 quum
939 4328 978 4388 de
990 4347 1080 4389 causa
1092 4326 1346 4407 pronunciandum

253 4437 342 4500 esset,
356 4425 562 4505 Theophemus
578 4425 741 4504 exclpiebat
761 4433 792 4484 et
808 4419 976 4484 differebat:
997 4441 1055 4501 ego
1068 4439 1138 4482 vero
1151 4421 1244 4480 Iratus
1265 4420 1346 4479 inno·
