2967 5017
443 348 601 413 ,ΟΒΑΤΙΟ
624 348 841 411 FUNEBRIS.
1130 341 1187 401 ⁷91

101 518 199 596 copias
224 537 260 577 ex
281 516 417 579 universe
436 518 507 577 Asia
524 516 665 579 collectas
679 516 734 577 soli
754 517 801 576 bis
822 526 901 575 terte
912 507 1194 591 mariqueptofliga·

101 620 178 691 runt,
192 612 370 691 privatisque
385 611 445 671 suis
465 612 599 690 perieulis
613 628 797 671 communem
821 607 935 668 Grecis
955 604 1091 665 omnibus
1113 601 1194 662 salu-

101 712 159 763 tem
179 704 346 764 attulerunt.
388 704 475 772 Quod
496 722 565 761 vero
579 708 641 777 jam
658 700 766 773 dicam,
785 716 956 779 quanquam
971 696 1003 757 id
1012 693 1097 775 prius
1110 702 1141 754 et
1154 693 1193 753 ab

101 794 165 853 eliis
187 808 234 855 est
254 794 430 876 expositum,
445 806 541 855 tamen
566 816 604 855 ne
624 813 702 853 nuno
716 793 832 872 quidem
850 792 988 871 justa·et
1008 784 1195 847 convenienti

100 886 189 946 laude
203 888 331 948 fraudari
344 889 420 948 siros
436 887 502 947 illos
516 888 609 947 decet.
652 886 711 954 Qui
723 894 834 964 quanto
847 881 1018 963 praestitisse
1030 880 1127 959 Trojae
1140 896 1195 958 op-

99 978 308 1055 pugnatoribus
317 984 383 1054 jure
395 978 518 1059 putandi
532 980 591 1037 sint
604 995 642 1038 ex
656 995 692 1036 eo
705 986 836 1055 apparet,
847 973 927 1053 quod
944 972 987 1031 illi
1001 991 1019 1031 e
1032 981 1097 1031 tota
1110 969 1195 1030 Grae·

100 1069 147 1129 cia
160 1070 266 1131 delecti
279 1071 444 1147 optimates,
458 1070 632 1131 decennium
651 1088 738 1129 unam
754 1070 833 1129 Asiae
845 1069 946 1126 urbem
959 1067 1124 1142 obsessam,
1145 1064 1195 1123 vix

100 1174 260 1239 ceperunt:
281 1164 311 1223 bi
333 1184 403 1225 vero
428 1184 465 1224 ex
487 1164 621 1223 universo
642 1160 798 1222 Persarum
811 1161 888 1240 regis
908 1159 1029 1239 imperio
1052 1158 1111 1219 buc
1127 1174 1197 1236 pro·

100 1252 208 1313 sectum
231 1257 401 1327 exercitum,
414 1258 464 1334 qui
487 1266 595 1315 cetere
612 1254 711 1315 omnia
730 1264 937 1333 prostraverat,
956 1251 1012 1311 soli
1032 1270 1093 1311 nou
1104 1248 1196 1310 modo

101 1345 277 1425 repulerunt,
289 1348 342 1409 sed
355 1348 523 1428 injuriarum
538 1346 625 1407 etiam
639 1346 754 1406 ceteris
767 1347 910 1406 factarum
923 1364 1025 1425 poenae
1043 1344 1081 1403 ab
1096 1361 1132 1403 eo
1144 1362 1196 1403 ex·

103 1452 235 1518 egerunt.
278 1443 516 1503 Grassationibus
540 1443 609 1503 item
636 1441 807 1501 Graecorum
829 1441 905 1502 inter
930 1460 962 1499 se
987 1438 1096 1499 mutuis
1118 1436 1196 1497 obsi·

102 1540 224 1606 stantes,
238 1536 337 1593 omnia
349 1554 414 1612 quae
429 1534 555 1593 incidere
570 1533 700 1612 pericula
713 1534 873 1604 subierunt,
891 1553 911 1592 a
928 1551 988 1611 qua
1003 1540 1087 1609 parte
1100 1529 1197 1608 juset

100 1642 217 1701 aequum
241 1636 340 1697 staret,
363 1644 430 1683 cum
452 1625 503 1683 ills
526 1645 558 1684 se
577 1626 801 1704 conjungentes,
814 1626 911 1685 donee
933 1623 973 1683 ad
986 1623 1063 1682 banc
1078 1630 1197 1681 ertatem

98 1716 189 1775 series
212 1718 348 1794 temporis
375 1736 431 1776 nos
453 1717 597 1796 perduxit.
639 1718 734 1776 Nemo
749 1726 847 1776 antem
866 1724 953 1796 putet
964 1734 1022 1784 me,
1041 1712 1122 1791 quod
1135 1730 1196 1773 nou

98 1806 238 1867 haberem
250 1825 316 1884 ques
341 1808 379 1867 de
401 1807 523 1886 singulis
540 1806 642 1867 horum
662 1808 720 1866 dici
733 1819 863 1886 possent,
879 1806 932 1866 has
945 1826 992 1865 res
1005 1815 1106 1884 gestas
1124 1824 1196 1865 enn-

99 1917 240 1959 meraese.
283 1897 359 1959 Nem
374 1899 455 1959 atad
476 1899 634 1961 orationem
648 1899 855 1959 inveniendam
868 1897 996 1978 omnium
1010 1897 1127 1957 minime
1140 1898 1196 1956 sim

101 1998 232 2067 paratus,
243 1990 355 2049 illorum
371 2002 467 2051 manen
481 1992 571 2051 virtus
585 1992 647 2070 ipsa
660 1991 785 2050 illustria
797 1982 891 2050 inulta
902 1990 1079 2069 suppeditat,
1087 2009 1154 2069 quse
1166 2000 1199 2051 et

100 2082 129 2139 in
143 2090 278 2161 promptu
292 2094 362 2143 sunt
383 2094 414 2143 et
431 2082 572 2164 explicari
594 2082 680 2143 facile
701 2091 843 2163 possum:
865 2081 919 2141 sed
933 2080 1003 2140 mibi
1017 2080 1198 2161 propositum

101 2183 156 2244 est,
169 2174 327 2235 nobilitatis
341 2194 495 2255 rerumque
510 2175 700 2236 maximarum
721 2175 804 2234 faeta
822 2173 979 2245 mentione,
997 2192 1086 2251 quam
1104 2173 1197 2232 celer-

103 2264 172 2325 rime
186 2266 365 2347 conjungere
379 2269 539 2329 orationem
559 2288 626 2328 cum
647 2269 734 2327 rebus
755 2268 858 2327 borum
883 2268 985 2346 gestis,
998 2274 1042 2337 nt,
1056 2265 1197 2345 quemad·

103 2358 220 2419 modum
234 2359 298 2419 illos
313 2360 416 2422 eodem
430 2382 537 2440 genere
552 2372 657 2421 natura
676 2360 817 2432 devinxit,
832 2360 873 2419 ita
890 2358 978 2418 etiam
991 2356 1196 2433 commundrns

105 2468 122 2507 a
135 2469 182 2510 me
196 2450 332 2511 leudibus
346 2453 547 2523 celebrentnr;
570 2454 650 2532 quod
669 2453 803 2513 existimo
822 2450 1019 2531 gratissimum
1036 2448 1125 2511 etiam
1137 2450 1198 2511 illis

104 2560 137 2601 ac
157 2543 254 2621 potius
268 2544 394 2624 atrisque
408 2566 473 2605 esse
494 2546 635 2617 futurum,
649 2546 673 2605 si
694 2544 771 2604 inter
789 2562 821 2603 se
843 2562 902 2603 non
916 2543 980 2623 ipso
992 2552 1108 2603 tantum
1122 2553 1198 2616 ortu,

104 2634 154 2695 sed
167 2634 304 2695 laudibus
316 2635 414 2706 etiam,
426 2636 532 2694 virtute
547 2655 601 2695 sua
614 2656 651 2696 ex
669 2655 754 2715 oequo
766 2636 909 2695 fruantur.

140 2728 170 2785 5.
192 2726 323 2786 Necesse
347 2738 444 2785 eutem
468 2735 523 2797 est,
546 2738 587 2797 ut,
613 2736 768 2804 antequem
791 2726 893 2785 borum
917 2726 1044 2786 suorum
1067 2727 1199 2787 facinora

105 2835 337 2888 commemorem,
347 2817 457 2895 aliquid
469 2816 651 2897 interponam
666 2818 788 2877 orationi
798 2838 873 2877 mem
882 2827 913 2877 et
922 2820 960 2878 ab
972 2820 1025 2889 eie,
1033 2816 1083 2897 qui
1092 2818 1198 2877 delun·

105 2909 154 2969 etis
166 2909 254 2969 alieni
271 2910 300 2968 in
314 2909 402 2969 lanus
415 2911 593 2988 prodierunt,
606 2908 839 2970 benevolentiam
853 2908 962 2989 petoni.
996 2908 1074 2968 Nam
1088 2909 1114 2969 si
1128 2909 1199 2969 mibi

107 2998 137 3057 id
150 3001 276 3061 muneris
288 3014 367 3061 esset
380 3001 480 3062 datum
493 3014 528 3061 ut
540 3002 717 3081 sepulturam
732 3003 781 3062 rel
793 3002 1011 3081 magnificentia
1030 3013 1199 3083 sumptuum

105 3091 147 3151 vel
159 3094 259 3172 aliquo
273 3094 442 3173 spectaculo
456 3094 632 3173 equestrium
648 3094 885 3173 gymnicorumve
905 3096 1095 3155 certaminum
1114 3095 1199 3156 ador·

107 3202 215 3259 narem,
229 3206 287 3265 quo
308 3184 465 3247 studiosius
483 3199 514 3246 et
537 3186 686 3246 liberalius
700 3205 736 3247 ea
749 3187 964 3259 instruxissem,
978 3207 1014 3247 eo
1026 3186 1199 3265 megistan-

107 3284 168 3337 utus
180 3297 247 3339 esse
257 3278 371 3339 viderer
384 3280 498 3341 officio:
520 3280 582 3350 sed,
598 3298 665 3338 cum
679 3279 726 3339 hee
739 3280 810 3338 mibi
823 3290 921 3360 partes
935 3279 1153 3340 attributae'sint
1165 3290 1201 3341 nt

106 3366 190 3431 hosce
201 3372 279 3431 viros
292 3371 387 3431 verbis
405 3390 516 3444 ornem,
529 3372 584 3431 nisi
598 3372 764 3431 auditorum
786 3372 885 3432 studia
901 3372 973 3433 mihi
991 3371 1200 3451 suffragentnr,

105 3478 200 3523 vereor
214 3483 262 3535 ne,
276 3483 334 3541 quo
348 3464 483 3543 majorem
500 3464 660 3525 adhibuero
678 3465 868 3544 diligentiam,
883 3485 920 3526 eo
938 3466 1034 3526 minus
1046 3467 1108 3526 voti
1120 3486 1199 3526 com-

108 3570 157 3628 pos
169 3554 247 3615 tiam.
290 3554 367 3613 Nam
389 3566 419 3614 et
439 3554 547 3615 divitiae
569 3566 600 3615 et
617 3555 757 3616 velocitas
777 3568 809 3617 et
821 3558 897 3617 uires
917 3567 947 3618 et
966 3578 1032 3638 quea
1046 3568 1115 3618 sunt
1134 3558 1199 3637 ejus

107 3648 213 3720 generis
238 3646 295 3707 alia
323 3647 426 3707 uberes
455 3648 518 3707 suis
544 3649 760 3728 possessoribus
784 3651 895 3709 fructus
922 3650 1120 3729 suppeditant,
1144 3669 1200 3709 nec

108 3735 204 3799 alienis
219 3739 404 3799 adminiculis
419 3750 517 3821 egent,
531 3759 598 3799 cum
614 3758 665 3819 per
679 3760 711 3799 se
725 3742 790 3821 ipsa
804 3740 954 3801 excellant
968 3742 998 3800 in
1019 3741 1077 3811 his,
1093 3742 1199 3820 quibus

108 3829 218 3903 adsunt,
235 3832 349 3893 tametsi
373 3832 447 3891 elius
470 3851 557 3892 nemo
582 3833 669 3893 velit:
692 3844 723 3893 at
748 3834 831 3913 lepos
856 3834 997 3893 orationis
1020 3834 1200 3893 audientium

110 3921 190 3983 etiam
204 3924 303 3985 studia
323 3925 450 4005 requirit,
465 3944 588 4005 quorum
611 3944 676 4004 ope,
691 3926 823 4003 quamvis
843 3944 880 3985 ea
902 3924 1086 3985 mediocriter
1106 3924 1200 4003 expli·

111 4016 327 4087 contaminet
345 4016 467 4095 gloriam
488 4018 627 4077 conciliat
646 4028 676 4077 et
694 4018 818 4096 gratiam
838 4001 982 4097 adjungit,
996 4006 1040 4075 sin
1059 4017 1095 4076 iis
1109 4016 1200 4077 desti·

111 4106 204 4178 tuitus,
229 4108 346 4169 tametsi
370 4110 513 4171 suavitate
537 4110 675 4182 excellat,
696 4110 846 4171 fastidium
867 4121 967 4170 tamen
991 4109 1067 4188 parit
1084 4108 1201 4169 audito·

112 4194 196 4259 ribus.

148 4290 175 4351 6.
196 4294 271 4353 Cum
290 4304 388 4353 autem
407 4293 436 4352 bi
451 4294 542 4355 multe
562 4294 705 4374 gesserint
727 4306 848 4375 propter
861 4316 927 4375 quae
946 4296 1014 4374 jure
1033 4294 1201 4368 laudentur,

111 4388 202 4443 nmen
215 4387 263 4447 ubi
277 4386 373 4448 adres
388 4388 465 4464 ipsas
479 4400 648 4465 perventum
663 4398 718 4461 est,
740 4389 843 4448 dubito
863 4388 934 4467 quid
945 4389 1070 4469 primum
1085 4388 1200 4449 dicam

112 4474 176 4548 quia
187 4479 264 4539 enirn
278 4499 336 4540 uno
351 4480 510 4558 eodemque
525 4494 657 4559 tempore
671 4480 770 4541 omnia
785 4482 855 4541 mibi
878 4501 943 4543 sese
960 4481 1108 4563 ingerunt,
1119 4482 1153 4541 fit
1166 4489 1201 4539 ot
