2967 5017
254 343 310 403 tt
634 339 680 402 ΙΝ
706 339 1041 404 CTESIPHONTEM.

264 493 370 573 juncta
382 511 444 552 nou
455 491 561 570 diligit,
572 513 626 554 ros
639 493 730 573 pluris
739 493 829 553 saciet
841 491 973 560 alienos:
993 507 1153 569 uunquam,
1166 489 1216 568 qui
1229 489 1373 571 privatim

267 583 430 656 meliorest,
443 584 727 664 puhlicefrugierit,
742 603 840 664 neque
853 602 993 690 unquam,
1006 602 1057 662 qur
1048 583 1148 642 domi
1161 603 1303 688 nequam
1301 584 1371 656 luit,

267 675 299 734 iu
315 677 493 738 Macedonio
503 677 618 756 legatus
632 688 695 737 erat
707 678 864 756 integeret
877 675 1021 736 eximius:
1043 676 1189 736 nonenim
1203 675 1370 754 ingenium,

268 768 322 828 sed
335 768 434 828 locum
446 779 561 828 tentum
574 771 706 828 mutarit

308 861 358 920 30.
381 859 489 922 Unde'
481 861 569 940 igitur
580 861 619 920 ad
639 874 699 920 tam
712 859 858 919 diversum
871 877 964 919 rerum
980 868 1089 920 statum
1102 858 1369 938 pervenerit—hoc

194 977 201 988 ’
266 949 344 1012 enim
360 952 523 1012 secondum
538 965 655 1032 tempus
677 960 794 1012 est-et
807 971 874 1030 que
888 951 1007 1012 tandem
1021 969 1110 1011 causa
1125 952 1173 1022 sit,
1192 969 1246 1011 cur
1264 949 1369 1010 Philo-

266 1041 491 1116 crates‚'lisdem
511 1045 582 1124 ipsis
603 1046 690 1105 rebus
715 1063 782 1103 cum
804 1041 1001 1104 Demosthene
1023 1043 1140 1122 publice
1159 1043 1264 1120 gestis,
1283 1043 1369 1100 loesas

268 1135 430 1214 majestatis
443 1136 610 1214 postuletne
623 1145 654 1196 et
674 1136 706 1196 iu
727 1135 862 1196 exsilium
884 1145 969 1195 actus
989 1133 1037 1205 sit,
1058 1133 1277 1194 Demosthenes
1297 1153 1370 1201 vern

216 1281 219 1289 .
269 1228 359 1286 etiam
377 1227 498 1288 eliorum
522 1229 607 1289 uobis
625 1229 768 1288 exstiterit
788 1237 953 1301 accusator,
974 1227 1104 1306 denique
1124 1245 1252 1306 quonam
1275 1236 1368 1306 pacto

267 1316 377 1378 homo
369 1321 578 1426 impurissimus
597 1321 628 1381 iu
645 1339 790 1382 emmnas
809 1319 899 1380 hasce
914 1337 1014 1380 omues
1033 1337 1088 1379 nos
1107 1317 1278 1398 conjecerit,
1298 1317 1369 1378 haee

262 1411 325 1483 iam
337 1409 412 1470 vel
404 1411 547 1491 inprimis
559 1429 656 1492 opere
668 1411 795 1492 preuum
807 1421 855 1472 est
867 1411 978 1472 audire.
1014 1411 1055 1469 Ut
1067 1411 1192 1490 primum
1207 1409 1367 1516 Philippus

266 1501 345 1562 intra
364 1502 454 1583 Pylas
465 1506 641 1584 penetrarit,
655 1507 804 1584 urbesque
821 1504 1016 1566 Phocensium
1030 1513 1134 1583 prester
1151 1503 1282 1564 omnium
1303 1501 1367 1582 opi·

267 1593 513 1672 ninnemdelerit,
525 1596 681 1657 'lhebanos
704 1607 804 1658 autem
824 1597 1001 1678 potentiores
1019 1615 1118 1674 qnam,
1140 1604 1176 1654 ut
1193 1605 1258 1654 tum
1280 1595 1368 1656 robis

267 1685 432 1759 ridebetur,
441 1697 575 1766 tempora
586 1698 617 1748 et
629 1689 786 1748 commode
795 1697 893 1749 restra
901 1687 1035 1747 terebant
1042 1687 1149 1759 effecit,
1158 1705 1227 1746 cum
1234 1705 1289 1746 ros
1300 1707 1369 1766 per-

265 1777 356 1838 territi
369 1779 446 1856 agris
460 1779 568 1839 relictis
583 1797 655 1838 rasa
666 1778 854 1857 colligeretis,
869 1787 900 1838 et
913 1777 1082 1856 gravissime
1094 1779 1311 1838 accusabantur
1323 1780 1369 1839 le·

265 1871 329 1948 goti
337 1869 388 1948 qui
397 1870 435 1928 de
445 1889 519 1948 pace
530 1870 662 1949 egerunt,¹
677 1889 739 1949 pros
752 1869 868 1930 certeris
880 1879 978 1929 temen
989 1865 1128 1928 omnihus
1139 1865 1323 1930 Philocrates
1338 1883 1370 1931 et

268 1959 497 2033 Demosthenes,
508 1961 616 2041 quippe
628 1962 679 2039 qui
692 1979 753 2020 non
767 1960 862 2019 solum
876 1959 1052 2040 legationem
1063 1959 1195 2019 obierant
1205 1959 1259 2022 sed
1268 1971 1301 2021 et
1310 1963 1366 2023 de-

266 2061 347 2112 creta
359 2053 603 2133 conscripserant,
618 2062 651 2114 et
661 2053 718 2131 sub
731 2053 788 2112 hoc
801 2071 888 2131 porro
902 2062 1016 2131 tempus
1029 2062 1130 2112 numm
1143 2063 1190 2112 est
1206 2052 1366 2115 dissidium

267 2143 386 2223 aliquod
399 2145 473 2204 inter
494 2144 722 2206 Demosthenem
746 2155 778 2205 et
791 2144 986 2205 Philocratem
1008 2143 1043 2204 iis
1066 2144 1126 2203 fere
1147 2144 1184 2203 de
1205 2147 1303 2216 rebus,
1326 2145 1364 2206 de

266 2234 373 2313 quibus
385 2235 474 2296 etiam
487 2255 541 2296 ros
554 2255 606 2296 ecs
619 2236 697 2296 inter
715 2255 749 2296 se
763 2237 920 2297 dissentire
934 2235 1260 2316 suspicsbsmiui,-his
1274 2239 1364 2316 igitur

265 2327 359 2387 turbis
373 2327 518 2400 excitatis,
540 2327 749 2388 accedentibus
763 2330 851 2388 etiam
866 2327 960 2388 insitis
973 2328 1001 2387 ei
1015 2323 1097 2388 vidit
1111 2338 1143 2388 et
1157 2329 1277 2402 innatis,
1291 2349 1362 2390 cou-

264 2417 330 2477 tilia
345 2419 408 2496 jem
420 2419 490 2478 iude
504 2418 595 2490 inivit,
613 2437 681 2496 qum
704 2419 760 2498 ipsi
778 2419 929 2498 suggessit
946 2419 1086 2482 timiditas
1106 2429 1138 2480 et
1158 2420 1362 2482 Philocraticcs

265 2504 426 2586 largitioms
441 2507 561 2578 invidia,
575 2508 818 2589 existimavitque,
833 2511 858 2570 si
871 2529 971 2570 eorum
983 2512 1159 2590 quibuscum
1172 2531 1232 2572 una
1244 2513 1364 2592 legatus

264 2596 360 2658 iuerat
371 2609 404 2658 et
423 2599 550 2679 Philippi
563 2610 766 2662 accusatorem
781 2623 814 2664 se
827 2602 1004 2681 praestiterit,
1024 2604 1219 2665 Philocratem
1238 2607 1363 2684 quidem

265 2690 338 2750 citra
350 2690 470 2752 dubium
489 2694 661 2771 periturum,
675 2705 705 2756 et
716 2694 845 2774 reliquos
864 2694 978 2773 legatos
997 2696 1026 2755 in
1040 2695 1196 2756 discrimen
1209 2706 1362 2771 venturos,

265 2802 297 2842 se
310 2801 379 2844 sero
392 2784 514 2863 gloriam
526 2797 753 2847 consecuturum
766 2794 808 2857 et,
823 2785 980 2846 amicorum
994 2788 1125 2867 proditor
1138 2809 1205 2848 cum
1221 2801 1303 2850 esset
1316 2799 1362 2849 at-

264 2892 322 2953 que
335 2875 493 2956 improbus,
514 2879 603 2938 animi
622 2887 720 2938 nmen
740 2879 771 2938 in
790 2878 931 2958 populum
951 2877 1112 2938 fidelissimi
1133 2881 1258 2958 speciem
1275 2881 1360 2941 hubi·

265 2978 370 3028 turum.
405 2969 499 3050 Cujus
512 2969 716 3031 consiliatum
728 2971 944 3050 perspexissent
955 2971 975 3030 ii
988 2971 1039 3050 qui
1052 2973 1291 3050 tranquillitatem
1305 2991 1359 3052 pu·

134 3103 142 3110 .
263 3059 371 3119 blicam
391 3063 614 3140 oppugnabant,
642 3063 726 3124 aride
750 3081 815 3122 eum
840 3065 1029 3123 accensebant
1046 3063 1076 3122 in
1091 3075 1275 3144 suggestum,
1288 3066 1358 3124 luae

262 3150 359 3210 solum
372 3152 402 3211 iu
422 3153 540 3214 civitate
554 3163 668 3214 castum
689 3165 779 3233 atque
793 3154 989 3235 incorruptum
1014 3157 1227 3235 predicantes:
1251 3157 1277 3216 is
1287 3176 1358 3218 vero

262 3261 438 3320 progressos
459 3246 495 3312 in,
510 3243 736 3304 mediominitia
752 3248 793 3305 eis
815 3247 1043 3308 subministravit
1055 3249 1126 3308 belli
1147 3268 1182 3308 sc
1202 3250 1357 3310 tumuitus.

264 3331 321 3390 Hic
334 3331 383 3390 ille
396 3343 453 3404 est,
468 3334 671 3405 Athenienses,
693 3338 742 3416 qui
763 3338 873 3417 primus
892 3339 1021 3399 Serrium
1041 3359 1165 3414 murum,
1186 3341 1356 3414 Doriscum,

262 3421 425 3501 Ergiscam,
441 3423 632 3504 Morgiscam,
643 3425 746 3488 Ganos
761 3439 792 3488 et
805 3429 951 3490 Genidem
966 3433 1086 3504 invenit,
1101 3433 1167 3492 loca
1178 3451 1302 3511 quorum
1317 3453 1356 3493 ne

261 3514 379 3574 nomina
389 3516 509 3594 quidem
522 3527 609 3577 antea
621 3537 807 3581 noveramus.
830 3521 934 3601 quue
953 3521 1071 3582 taudem
1090 3542 1134 3583 res
1153 3533 1267 3584 normes
1288 3527 1355 3585 red·

261 3607 332 3685 egit,
346 3616 381 3666 ut
392 3608 418 3667 si
430 3608 548 3687 quidem
562 3608 715 3690 Philippus
736 3611 851 3692 legatos
873 3633 932 3672 non
946 3613 1083 3688 mitteret,
1099 3615 1245 3676 contemni
1268 3617 1306 3674 ab
1321 3634 1357 3676 eo

260 3699 411 3758 civitatem
422 3710 563 3775 nostram,
577 3703 622 3762 sin
635 3704 772 3776 mitteret,
787 3706 994 3785 exploratores,
1008 3727 1067 3766 non
1085 3706 1207 3786 legatos,
1221 3707 1298 3767 mitti
1312 3708 1358 3768 di-

260 3801 360 3858 ceret:
382 3790 407 3850 si
419 3792 575 3873 relletjlle
592 3796 702 3855 civitati
715 3797 802 3856 alicui
816 3817 910 3876 coquas
923 3807 953 3857 et
967 3798 996 3856 in
1010 3809 1143 3860 neutram
1162 3799 1274 3879 partem
1287 3819 1356 3879 pro·

258 3880 584 3961 pensoe'contmrersias
598 3886 807 3968 disceptandas
820 3889 997 3968 permittere,
1012 3892 1141 3970 negabat
1157 3891 1249 3950 ullum
1272 3893 1355 3952 nobis

257 3985 290 4034 et
302 3975 438 4055 Philippo
451 3997 568 4055 aequom
578 3979 707 4058 judicem
726 3981 843 4061 reperiri
857 4001 955 4060 posse.
976 3982 1076 4044 Dabat
1087 3983 1136 4043 ille
1150 3983 1333 4046 Helonesuin
1344 4005 1365 4060 :-

258 4068 378 4126 vetabat
396 4068 445 4128 hio
459 4070 602 4150 accipere,
617 4093 642 4132 ιι
634 4073 745 4134 modo
758 4073 882 4145 dederit,
905 4077 960 4136 nisi
980 4077 1068 4137 etiam
1089 4087 1121 4137 et
1140 4077 1295 4151 dediderit,
1316 4079 1354 4139 de

167 4203 173 4212 ,
259 4156 380 4234 syllabis
392 4159 505 4222 scilicet
517 4163 685 4225 altercatus
708 4165 871 4238 Postremo,
885 4187 953 4228 cum
966 4169 1183 4230 Aristodemum
1198 4172 1355 4251 sociosque

257 4245 384 4326 ejusqui
404 4250 588 4315 Thessaliam
601 4267 631 4316 et
645 4257 830 4338 Magnesiam
844 4269 947 4319 contra
959 4261 1040 4340 pacis
1060 4262 1194 4324 l'oedera
1186 4276 1356 4328 mraserant

256 4356 367 4398 corona
378 4340 530 4420 donasset,
543 4367 646 4428 pacem
659 4349 761 4429 utique
781 4350 906 4426 diremit,
919 4350 1120 4436 solennitatem
1128 4354 1213 4416 nobis
1226 4355 1353 4418 bellum-

254 4451 312 4510 que
326 4427 486 4496 suscitarit.
