2967 5017
401 338 644 401 ,ADVERSUS
665 336 919 403 consuluisti.
1140 338 1201 398 746

572 557 731 621 TESTES.

115 690 196 772 Cape
209 701 240 752 et
253 692 429 774 municipum
442 696 613 771 testimonie,
627 709 658 760 et
670 708 862 779 cognatorum
874 700 926 763 ille
938 700 976 763 de
987 700 1156 773 cunulibus,
1169 706 1203 757 ut

113 794 228 845 constet
239 805 290 847 eos
304 784 428 868 elegisse
443 810 489 850 me
504 789 591 851 curioe
605 786 774 871 principem.

435 974 437 977 ’
520 966 793 1030 TESTIMONIA.

154 1108 183 1165 7.
205 1109 279 1177 Quae
301 1109 389 1188 igitur
410 1121 441 1171 et
461 1110 580 1189 cognati
598 1119 628 1170 et
648 1110 774 1171 cusiales
790 1119 822 1171 et
837 1110 1008 1192 municipes,
1024 1121 1056 1172 et
1068 1110 1203 1191 gentiles,

111 1219 235 1279 quorum
248 1201 277 1261 id
292 1202 420 1263 officium
432 1213 486 1275 cst,
503 1202 646 1263 testificati
670 1213 750 1275 sunt,
770 1202 914 1272 audistine
933 1203 1012 1263 unde
1025 1203 1108 1263 vobis
1125 1202 1203 1263 scire

110 1291 191 1363 licet,
205 1293 313 1355 civisne
328 1313 365 1354 sn
384 1276 554 1374 pereg'riuus
575 1293 663 1353 fuerit
680 1293 716 1366 is,
728 1294 812 1374 cujus
829 1315 866 1355 es
884 1295 1012 1356 conditio
1033 1294 1129 1356 luerit.
1171 1292 1204 1352 Si

112 1384 189 1445 euim
199 1386 238 1447 ud
251 1406 341 1446 uuum
354 1386 501 1446 homiuem
515 1399 603 1467 atque
614 1386 738 1447 alterum
752 1388 986 1467 confugeremus,
1001 1387 1128 1467 suspicio
1138 1404 1204 1446 esse

110 1491 221 1556 posset,
244 1498 332 1539 eosu
354 1480 437 1539 nobis
459 1498 525 1539 esse
549 1479 744 1541 subornatos:
766 1479 819 1540 sed
837 1500 904 1541 cum
924 1480 1002 1560 apud
1023 1498 1125 1540 omues
1140 1496 1203 1550 eos,

110 1570 190 1649 opud
212 1588 286 1651 quos
308 1582 339 1631 et
357 1580 486 1633 vestrum
507 1570 706 1650 uuusquisque
731 1573 872 1651 probatus
894 1572 960 1644 fuit,
973 1583 1005 1633 et
1025 1580 1110 1651 peter
1131 1570 1204 1629 dum

108 1661 191 1733 vixit,
203 1674 233 1723 et
243 1682 300 1741 ego
310 1662 360 1741 qui
373 1682 453 1723 nunc
461 1665 550 1722 verba
559 1663 644 1733 lucio,
657 1663 771 1741 probuti
780 1682 892 1734 sumus,
903 1663 984 1741 cpud
991 1661 1127 1734 euticies,
1132 1678 1205 1740 sog·

108 1764 208 1827 news,
227 1754 398 1833 municipes,
418 1754 675 1834 guasteniensis
694 1756 759 1815 ullo
778 1754 864 1815 modo
884 1765 993 1834 potest,
1011 1764 1047 1815 ut
1067 1754 1204 1815 nouus·

107 1846 270 1907 mendaces
284 1856 315 1907 et
329 1848 479 1907 subornati
494 1847 573 1907 siuti
595 1846 683 1915 Quod
707 1846 732 1905 si
752 1846 883 1926 locuples
896 1846 1000 1909 luisset
1011 1855 1204 1926 putenetqus

108 1938 153 1999 his
174 1938 303 2018 pecunie
326 1938 397 1999 dete
419 1938 624 2019 persuasisset,
637 1948 671 1998 ut
688 1958 720 1998 se
740 1949 884 2019 cognatos
901 1940 964 2021 ejus
976 1958 1044 2000 esse
1063 1939 1204 2011 dicerent,

108 2050 166 2091 uon
181 2030 311 2091 absurda
319 2030 447 2110 suspicio
457 2030 571 2105 fuisset,
581 2050 647 2091 eum
660 2050 720 2091 uon
734 2051 801 2091 esse
814 2031 920 2091 civem:
934 2033 979 2092 siu
991 2031 1120 2092 simulet
1130 2050 1204 2112 psu-

108 2143 160 2203 per
174 2122 240 2193 suit,
255 2133 286 2183 et
299 2140 349 2183 eus
363 2122 492 2183 cshibuit
510 2124 595 2183 simul
613 2131 644 2183 et
661 2133 816 2203 cognatos,
828 2132 858 2184 et
872 2124 910 2183 de
924 2142 979 2183 suo
995 2123 1204 2205 impertientes,

109 2238 146 2281 su
161 2238 223 2281 non
236 2218 359 2285 evidens
370 2228 426 2291 est,
439 2238 507 2278 eum
521 2238 622 2279 severe
634 2228 794 2297 cognatum
807 2220 851 2279 eis
865 2219 980 2280 luisse?
1001 2220 1106 2301 Neque
1125 2219 1204 2280 euim

109 2312 254 2389 prolecto,
269 2311 293 2371 si
307 2309 416 2371 nemini
430 2314 605 2385 conjunctus
623 2310 736 2383 luisset,
750 2310 799 2370 isti
817 2310 934 2391 adjectu
944 2310 1071 2393 pecunia
1087 2328 1157 2371 sum
1172 2311 1204 2371 in

110 2404 248 2465 familiam
262 2402 456 2482 recepisseut;
477 2402 529 2463 sed
542 2402 607 2475 luit,
623 2413 657 2463 ut
669 2413 700 2463 et
711 2404 777 2482 ipsu
790 2422 836 2464 res
850 2405 993 2483 probavit,
1006 2413 1037 2483 qt
1048 2412 1140 2465 testes
1151 2420 1204 2462 vo·

110 2496 153 2557 bis
167 2496 362 2559 affirmarunt

148 2592 179 2650 8.
201 2589 350 2649 Prosteree
369 2586 557 2665 magistratus
578 2586 666 2647 etium
688 2587 808 2647 sortitus
823 2598 876 2661 est,
894 2599 926 2648 et
947 2590 1205 2668 approbatum

110 2683 211 2761 gessit.
254 2681 337 2759 Cape
349 2677 557 2739 testimonium.

505 2854 807 2916 TESTIMONIUM.
821 2908 825 2921 ,

112 2988 184 3056 Quis
198 3004 273 3047 vero
286 2994 416 3047 vestrum
429 2985 574 3046 existimet
594 2984 784 3065 permissuros
804 2985 894 3045 fuisse
916 2985 1087 3065 municipes,
1100 2994 1134 3046 ut
1154 2984 1203 3047 ille

111 3080 283 3160 peregrinus
296 3088 327 3138 et
347 3098 404 3137 nou
427 3077 506 3147 civis,
520 3078 599 3158 apud
613 3076 692 3157 ipsos
706 3076 878 3157 magistratu
898 3078 1079 3157 fungeretur,
1093 3096 1129 3138 sc
1145 3096 1205 3138 nou

112 3172 198 3234 luisse
212 3169 426 3233 accusaturosl
455 3169 559 3249 Neque
578 3190 646 3230 vero
667 3170 822 3250 quisquam
843 3189 910 3230 eum
922 3169 970 3231 vel
986 3171 1144 3243 accusavit,
1156 3170 1205 3230 vel

112 3263 280 3325 criminatus
294 3273 349 3322 est.
384 3262 463 3329 Quin
477 3262 640 3321 necessario
651 3261 738 3322 cuum
753 3260 892 3342 suffragiu
904 3259 1035 3321 tulerunt
1044 3261 1205 3343 municipes

113 3358 198 3417 sacris
219 3356 337 3433 juretis,
352 3374 419 3414 curu
440 3353 482 3413 eis
507 3354 604 3414 album
628 3353 777 3433 municipii
797 3354 941 3433 periisset,
954 3352 1106 3433 Antiphilu
1123 3364 1206 3436 petre

113 3447 267 3510 Eubulidas
280 3448 396 3507 tribuno
409 3446 501 3526 plebis
513 3466 521 3515 ;
544 3454 574 3505 et
587 3446 731 3525 quosdam
745 3464 761 3505 e
773 3445 931 3527 municipio
944 3444 1125 3527 repulerunt.
1159 3445 1206 3507 Dc

112 3540 160 3600 illo
173 3554 273 3603 nutem
298 3557 393 3618 neque
411 3539 494 3612 dixit,
507 3558 601 3619 neque
615 3549 795 3617 conquestus
809 3538 887 3599 ullus
907 3546 952 3599 est
965 3538 1025 3600 tale
1037 3540 1205 3618 quicquum.

114 3635 200 3714 Atqui
214 3634 354 3694 omuibus
367 3630 531 3691 homiuibus
545 3628 690 3691 vitulinis
704 3641 851 3691 moreest.
892 3630 933 3689 Et
955 3632 1006 3709 qui
1026 3628 1157 3691 viventes
1168 3627 1206 3689 de

114 3744 216 3802 genere
229 3734 419 3795 accusantur,
432 3743 531 3784 eorum
548 3722 624 3783 filios
634 3740 752 3801 mquum
765 3734 812 3783 est
824 3724 863 3783 sd
873 3723 1052 3783 reddendum
1064 3723 1205 3784 tutionem

114 3830 254 3900 perpetuo
285 3838 352 3879 esse
374 3827 512 3897 puratos:
543 3816 648 3897 quibus
667 3826 766 3877 nutem
785 3817 815 3875 in
842 3818 928 3878 rebus
952 3836 1039 3877 nemo
1061 3816 1206 3877 visentem

113 3912 206 3991 ipsum
219 3911 392 3973 eliminatus
407 3910 473 3983 luit,
487 3910 524 3969 de
537 3908 571 3970 iis
591 3929 629 3970 cu
650 3930 709 3970 non
722 3910 852 3989 iniquum
870 3920 917 3970 est
938 3908 1044 3970 liberos
1065 3907 1207 3988 exagitari

114 4004 270 4086 equovisl
285 4003 375 4072 Quod
389 4002 413 4063 si
429 4003 467 4064 de
480 4002 525 4063 his
538 4001 684 4081 inquisitio
697 4002 779 4062 nullu
791 4003 871 4065 lecta
883 4002 998 4076 fuisset,
1011 4000 1131 4063 latuisse
1144 4018 1207 4061 rem

114 4100 234 4161 concedi
245 4104 366 4179 posset:
388 4094 442 4155 sed
456 4114 524 4155 eum
537 4106 569 4156 et
580 4096 659 4155 facta
672 4095 720 4169 sit,
733 4104 764 4156 et
777 4096 838 4155 lete
851 4093 1001 4175 suffragiu,
1014 4100 1047 4153 et
1056 4111 1143 4154 nemo
1152 4107 1208 4154 un·

115 4206 198 4271 quun
213 4190 373 4271 quicquum
384 4188 423 4248 sit
434 4197 622 4267 conquestus,
635 4204 732 4248 nonne
745 4203 860 4265 equum
873 4197 920 4249 eet
930 4204 979 4247 me
995 4194 1113 4267 propter
1124 4184 1207 4248 illum

115 4282 323 4343 Atheuleusem
333 4296 406 4352 esse,
420 4279 469 4359 qui
479 4278 556 4340 diem
567 4296 653 4339 suum
662 4278 744 4353 obiit,
758 4288 912 4361 antequem
925 4277 1001 4340 eide
1012 4292 1119 4361 genere
1128 4280 1209 4341 scote

115 4374 169 4436 luit
179 4372 404 4437 consuscitat
424 4368 499 4433 Huc
512 4386 579 4433 vers
602 4384 688 4433 nme
706 4370 764 4433 dici
787 4382 823 4432 ut
846 4381 972 4447 constet,
991 4371 1096 4434 horum
1118 4375 1207 4434 etium

117 4484 187 4529 tous
198 4476 302 4529 testes.

651 4560 697 4616 sc
