2967 5017
479 338 524 398 IN
544 337 803 402 STEPHANUM
824 341 848 402 l.
1148 341 1209 404 64³

119 485 195 546 salso
208 485 392 560 testimoniet
414 491 467 553 seri
480 494 572 554 multo
584 495 713 575 iniquius
730 506 762 557 et
779 496 896 577 grurim
907 493 1124 567 vindicandum,
1138 493 1171 554 id
1183 494 1210 555 si

118 577 171 640 fist
182 578 214 640 in
227 592 381 664 cognatos.
409 585 478 647 Non
491 587 569 648 enim
582 589 706 668 scriptus
718 587 922 650 tantummodo
934 587 1016 667 leges
1029 586 1096 647 telis
1109 586 1209 659 homo,

94 667 99 676 ’
118 670 172 740 Μ
191 671 285 752 ipsius
307 676 396 738 etiem
418 687 530 740 nutrirre
548 680 796 761 conjuncionem,
814 681 928 742 evertit.
953 679 1007 758 ,Id
1020 676 1099 758 quod
1119 678 1209 739 istum

117 762 225 824 iecisse
238 767 419 832 ostendetur.
454 771 526 852 Ejus
538 771 616 832 eninr
626 782 729 846 meter,
744 774 838 835 soceri
850 772 909 833 mei
923 789 1003 832 soror
1016 780 1076 831 este
1090 769 1209 850 proinde
1288 811 1293 818 ·

116 873 193 916 uxor
201 869 268 919 mee
280 860 307 919 ei
320 869 368 922 est
381 863 567 936 consobrine,
580 873 611 924 et
622 864 703 926 liberi
716 864 780 945 ejus
790 875 822 926 et
833 864 891 924 mei
904 872 975 924 sunt
983 861 1103 924 sobrini
1123 859 1209 920 Nun·

116 949 190 1027 quirl
207 954 317 1030 putetis
336 954 434 1028 istum,
449 957 473 1017 si
494 957 565 1037 qnid
583 967 702 1040 propter
714 957 842 1038 inopium
854 967 957 1018 contre
974 955 1102 1017 officiuim
1113 955 1212 1015 lucere

116 1051 260 1121 eogmrn
280 1065 351 1108 rues
364 1049 485 1124 videret,
500 1051 531 1111 id
548 1051 629 1131 quod
642 1051 725 1111 multi
740 1050 804 1130 jum
822 1050 964 1123 fecerunt,
977 1049 1046 1109 dote
1061 1038 1139 1109 ‘dete
1151 1065 1210 1108 ess

114 1132 309 1213 elocuturum,
333 1140 394 1221 qui,
416 1161 454 1202 ne
477 1163 521 1203 ere
542 1162 598 1203 sue
619 1151 836 1224 recuperarent,
848 1143 924 1204 sulcu
941 1140 1045 1202 testari
1055 1138 1159 1212 voluit,
1180 1147 1212 1199 et

114 1227 212 1308 pluris
225 1231 296 1294 iecit
309 1233 494 1296 Phormionis
508 1235 634 1310 diritius,
643 1255 731 1316 quem
744 1235 929 1316 cognationis
940 1230 1211 1296 neeesumdtnemt

116 1318 182 1380 Sed
194 1331 227 1382 ut
238 1321 303 1386 baec
316 1343 392 1388 ume
401 1347 468 1388 rere
478 1327 535 1388 dici
544 1336 671 1403 constet,
680 1347 755 1410 cepe
765 1326 863 1402 Dinirs
871 1325 1120 1401 testimonium,ut
1128 1323 1209 1405 lege:

115 1409 177 1474 cite
190 1413 319 1478 Diniem.

517 1509 821 1612 rrsrrmorrrom.

149 1685 234 1738 nmo
251 1687 387 1737 memor
403 1690 430 1736 ι.
441 1687 606 1738 rummare
621 1697 720 1739 reum
730 1706 757 1738 ι.
767 1690 913 1739 ern-m
924 1687 1069 1752 speleum
1082 1684 1211 1748 ιςιιω
1233 1670 1236 1677 ’

110 1779 216 1816 uxorem
228 1763 339 1822 ledism
354 1778 430 1826 neque
439 1779 537 1826 uuquuu
549 1764 653 1823 siluisse,
663 1773 704 1814 ιιι
713 1765 915 1825 minsisertim,
922 1763 1090 1827 Apollodorum
1099 1763 1130 1811 ds
1138 1759 1211 1810 omni·

107 1839 163 1886 bus
170 1836 337 1931 offhorrrsiis
345 1853 398 1886 curu
408 1838 548 1886 Phormione
556 1838 703 1901 trasericus.

110 1951 174 2012 Est
196 1970 234 2012 ue
253 1949 354 2012 similis
373 1951 422 2012 isti
441 1950 556 2026 Dinins,
569 1951 703 2027 Judices,
716 1952 767 2032 qui
783 1972 837 2032 pro
850 1952 921 2025 filiu,
934 1961 964 2012 et
981 1949 1050 2011 iilire
1063 1947 1169 2022 liberis,
1179 1961 1210 2010 et

112 2063 163 2106 me
181 2041 305 2124 'genero
317 2051 436 2125 propter
459 2042 663 2124 cognationem
681 2062 820 2104 necuere
837 2043 870 2103 in
891 2045 981 2104 istum
1000 2041 1101 2114 testari
1124 2042 1211 2102 vulti

54 2194 58 2203 ,
114 2135 180 2196 Sed
191 2154 253 2197 nou
264 2134 308 2196 itu
320 2135 498 2214 Stephanus,
512 2137 562 2215 qui
575 2155 635 2196 non
648 2135 791 2198 dubitavit
809 2135 839 2195 in
857 2155 913 2198 nos
926 2135 1042 2197 mentiri
1054 2153 1107 2215 pro
1126 2135 1210 2196 testi·

114 2227 227 2304 monio,
234 2247 329 2307 neque
340 2238 373 2286 ut
385 2229 531 2288 neminem
540 2227 639 2302 elium,
647 2238 679 2288 ut
687 2237 810 2289 matrem
823 2247 907 2290 suum
920 2226 1126 2300 errabundum
1138 2246 1210 2307 cog·

115 2329 202 2384 nutos
215 2329 362 2382 mutemus
374 2321 405 2382 in
417 2330 577 2380 extremam
586 2320 744 2400 conjiceret
753 2331 965 2401 paupertatem.

160 2417 207 2475 lt.
229 2413 316 2484 Quod
338 2423 436 2493 sutem
454 2409 568 2474 lucinus
586 2411 821 2492 indignissimum
838 2413 956 2492 pertuli,
968 2422 999 2472 et
1011 2409 1093 2490 quod
1114 2429 1162 2470 me
1179 2410 1211 2488 iu

115 2506 234 2586 agenda
245 2525 337 2567 ceusu
353 2505 607 2567 vehementissime
630 2503 797 2578 commorit,
811 2504 945 2581 ludices,
966 2503 997 2564 id
1010 2503 1093 2564 vobis
1114 2503 1210 2584 expli·

115 2601 202 2662 cubo.
244 2597 323 2660 Nem
337 2608 369 2658 et
388 2595 470 2656 istius
490 2595 705 2676 improbitatem
724 2595 818 2676 magis
841 2596 1033 2679 perspicietis,
1048 2596 1210 2676 etegorle·

115 2692 239 2773 ploratio
251 2689 330 2770 upud
344 2708 397 2750 vos
410 2688 560 2769 plerisque
573 2689 686 2766 injuriis
700 2687 784 2767 quasi
797 2707 886 2748 onere
899 2687 1028 2768 quodum
1041 2687 1156 2765 levatus
1166 2688 1210 2749 vi·

116 2786 217 2848 debor.
258 2781 479 2854 Testimonium,
493 2779 573 2858 quod
586 2798 633 2838 me
645 2779 753 2840 hebere
766 2778 914 2859 putubem,
929 2787 961 2838 et
972 2797 1032 2858 quo
1045 2798 1136 2840 ceusu
1143 2799 1210 2866 mee

115 2877 245 2940 maxime
257 2875 413 2947 nitebatur,
426 2872 457 2932 in
470 2869 576 2932 echino
590 2887 650 2927 non
662 2868 853 2947 reperiebam.
893 2870 969 2928 Tum
983 2867 1071 2946 igitur
1084 2889 1120 2928 eo
1131 2871 1210 2932 mulo

114 2972 258 3034 uttouitus
271 2986 330 3030 nou
350 2964 431 3026 uliud
447 2963 601 3034 hubebum
615 2977 704 3038 quem
716 2968 750 3019 ut
759 2969 894 3038 putorem
907 2958 1110 3042 magistratum
1130 2960 1211 3022 iectu

115 3065 186 3126 mihi
205 3061 311 3143 injurie
321 3043 459 3119 echinum
472 3053 619 3115 movisse:
638 3070 728 3124 nunc,
753 3059 788 3110 ut
800 3058 904 3130 postes
915 3049 1052 3129 comperi,
1066 3051 1147 3130 upud
1164 3051 1208 3133 ip-

116 3177 182 3219 snm
196 3155 348 3226 arbitrum,
363 3149 546 3230 Stephanum
563 3145 594 3206 iel
611 3143 764 3229 contulisse
776 3141 901 3222 reperio,
915 3160 982 3201 cum
996 3161 1063 3222 ego,
1083 3154 1118 3202 ιι
1140 3145 1209 3205 testi

114 3250 232 3312 cnidum
248 3242 455 3328 jusjurandum
474 3239 627 3312 deferrem,
649 3235 850 3297 surrexissem.
890 3233 933 3295 Et
953 3234 1019 3296 hee
1040 3255 1209 3314 emerere

116 3344 173 3406 dici
185 3351 222 3402 ut
233 3347 359 3409 consta,
372 3334 495 3416 primum
508 3332 590 3394 robis
603 3329 788 3392 testabuntur
799 3327 831 3387 hi
844 3327 895 3408 qui
906 3327 970 3388 istis
984 3327 1130 3392 affuerunt
1141 3333 1207 3412 qui-

115 3455 172 3517 que
181 3433 340 3496 rirleruut:
351 3445 455 3508 vneque
466 3425 543 3488 enim
552 3443 604 3486 eos
616 3423 778 3502 ejuraturor
791 3440 856 3481 esse
868 3430 953 3501 puto.
984 3420 1037 3481 Sin
1050 3441 1087 3483 en
1098 3422 1209 3488 inerint

115 3523 298 3608 impudentis
319 3532 354 3582 ut
375 3519 481 3582 secturi
499 3518 568 3590 sint,
581 3511 751 3596 provocatio
765 3513 848 3574 robis
868 3511 993 3592 legetur,
1010 3531 1064 3594 per
1076 3533 1163 3594 quum
1177 3530 1206 3580 er

115 3639 216 3688 eorum
236 3614 394 3698 perjurium
412 3612 510 3694 pulum
530 3605 764 3691 deprehendetis,
778 3615 810 3666 et
831 3603 921 3666 istum
938 3604 1109 3687 surripuisse
1128 3611 1207 3670 testi·

115 3711 246 3773 mouium
268 3727 353 3788 oeque
373 3702 567 3786 cognoscetis.
608 3700 649 3760 At
669 3696 811 3778 quisquis,
828 3695 1034 3777 Athenienses,
1048 3697 1207 3760 alienorum

115 3804 208 3866 iurem
224 3797 365 3882 appellari
385 3816 417 3857 se
436 3814 497 3856 non
517 3791 672 3864 recusuvit,
695 3809 714 3850 e
733 3808 793 3869 quo
805 3790 888 3850 vobis
905 3787 1059 3850 ubhorrere
1077 3789 1206 3854 facinore

116 3891 282 3958 ndebiturt
314 3887 419 3952 Recito
431 3885 638 3958 testimonium,
652 3880 761 3944 deinde
772 3881 1010 3963 provocationem
1023 3880 1111 3942 henr.

514 4045 821 4111 TESTIMONIUM.

141 4175 269 4224 Torrentur
279 4187 304 4220 re
313 4171 401 4220 etnicos
407 4169 562 4220 stirmilisrss
571 4187 623 4220 oure
628 4171 786 4232 Phormiouir;
793 4170 917 4219 mrffoirrs
925 4169 987 4232 spnrl
994 4169 1103 4217 abitrum
1109 4169 1206 4231 lidum,

116 4265 167 4300 cum
176 4248 299 4299 abitrium
315 4248 340 4297 in
351 4261 422 4304 οιιιι
435 4247 572 4309 Apollodori
591 4257 672 4298 contre
685 4249 848 4322 Phormionem
864 4247 943 4306 heron
958 4246 1064 4307 miroque
1074 4262 1100 4293 sc
1109 4248 1206 4311 stopho

115 4339 168 4375 ιιιι
177 4325 319 4389 corripuisse
329 4325 355 4373 id
365 4323 529 4383 uutimouium,
539 4325 602 4389 quod
611 4341 664 4376 eurr
675 4325 815 4389 surripuisse
821 4324 924 4388 queritur
934 4323 1098 4386 Apollodorus.

117 4441 174 4502 Aut
186 4439 346 4514 testemini,
360 4449 411 4502 eut
425 4439 545 4524 ejurato.
