2967 5017
137 679 442 752 ARGUMENTUM
467 687 1048 846 ORA'iggighSNIlJNAES'l'EPHANUM
1067 693 1228 757 TESTEM

171 945 203 994 iu
216 947 373 996 besontinus
384 953 408 998 st
418 950 521 1012 qudem
538 966 555 998 s
567 951 726 1013 superioribus
744 951 833 1000 firmius
842 953 986 1009 muniuntur,
997 959 1020 1000 et
1029 951 1076 1001 siis
1092 966 1153 1002 nere
1167 953 1229 1002 ius·

134 1030 231 1082 mur,
242 1033 275 1082 ut,
286 1041 315 1074 mr
327 1031 352 1072 et
364 1031 526 1076 testemurtum
536 1027 568 1074 sit
578 1035 658 1076 contre
668 1029 732 1090 leges
742 1028 842 1076 Mum?

407 1507 994 1644 usurosuuuurs⁸
1055 1539 1060 1548 ·

324 1743 383 1816 lN
421 1744 787 1819 STEPHANUM
820 1745 1047 1823 TESTEM

447 1955 630 2021 ORATIO
658 1953 895 2021 SECUNDA.

177 2131 204 2188 l.
224 2127 297 2188 Nou
310 2128 476 2192 defuturum
489 2150 555 2192 esse
569 2129 719 2210 Stephano
732 2129 931 2192 defensionem
944 2132 983 2192 de
992 2131 1175 2208 ‚testimonie
1188 2155 1225 2197 sc

126 2221 193 2281 t‘ore
206 2230 241 2280 nt
252 2221 347 2282 verbis
359 2241 413 2282 sos
427 2221 668 2295 circumduceret,
680 2241 713 2281 se
728 2240 788 2282 non
798 2223 896 2283 omnia
907 2222 937 2283 iu
946 2224 1056 2285 tubelle
1066 2227 1225 2305 perscn‘pte

127 2311 241 2373 dixisse
255 2311 420 2388 asserendo,
439 2333 549 2394 vosque
568 2313 753 2395 decipiendo,
766 2323 798 2374 et
814 2316 876 2394 ipse
895 2316 957 2376 iere
977 2317 1156 2398 suspicetur,
1169 2320 1224 2378 lu·

127 2403 224 2464 dices.
253 2405 330 2465 Nem
354 2417 384 2466 et
406 2407 486 2467 vsier
507 2415 564 2480 est,
577 2416 609 2466 et
626 2407 676 2485 qui
699 2406 868 2466 Phormioni
888 2408 1010 2489 scriptus
1030 2409 1176 2472 orationes
1194 2420 1226 2472 et

128 2496 254 2557 consilia
276 2507 435 2578 suggerent
451 2497 534 2558 multi
555 2507 642 2558 sunt:
662 2497 747 2558 simul
770 2497 857 2558 etiem
869 2501 1020 2579 probabile
1042 2510 1088 2562 est
1104 2522 1155 2563 eos
1174 2502 1225 2582 qui

129 2588 248 2648 mentiri
261 2608 313 2668 pro
332 2589 501 2650 testimonio
515 2589 678 2660 instituent,
693 2590 780 2650 etiem
793 2590 1011 2652 mendaciorum
1024 2592 1225 2656 defensionem

129 2679 230 2739 stetim
245 2680 386 2742 medimri.
1213 2729 1218 2744 .

169 2775 200 2832 2.
223 2773 311 2842 Quod
334 2784 431 2835 summ
455 2774 484 2832 in
508 2783 568 2832 tem
590 2771 704 2852 prolixa
720 2772 852 2833 orstione
868 2775 1114 2854 nusqunmvobis
1134 2786 1225 2838 testes

127 2863 323 2944 produxisse
345 2883 466 2946 usquam
481 2865 577 2946 ipsum
598 2862 718 2924 affuisse
741 2864 816 2943 putri
834 2884 900 2924 meo
914 2865 945 2926 id
959 2875 1167 2928 testamentum
1179 2869 1224 2928 fs·
1345 2935 1348 2939 ,

128 2955 228 3030 cienti,
242 2967 277 3017 ut
289 2958 364 3019 scire
375 2967 478 3038 posset
490 2957 654 3037 exemplum
665 2956 729 3034 ejus
742 2955 909 3016 testamenti
922 2955 952 3016 id
962 2975 1040 3029 esse,
1051 2957 1131 3037 quod
1139 2968 1224 3038 peter

127 3069 213 3110 meus
235 3049 346 3121 iecerit,
364 3063 416 3110 eut
439 3060 555 3130 aperies
578 3048 687 3108 vidisse
705 3047 833 3120 tsbules,
855 3067 927 3128 ques
950 3058 1035 3129 puter
1054 3069 1109 3128 pro
1124 3059 1222 3112 teste·

127 3151 229 3203 mento
242 3140 403 3222 reliquerit,
416 3141 482 3202 iraec
495 3159 596 3221 queso
607 3159 661 3200 vos
683 3151 715 3200 ut
736 3159 795 3201 une
808 3158 923 3200 mecum
943 3141 1089 3202 memorius
1103 3143 1224 3204 mende-

128 3233 177 3294 tis.
210 3233 319 3294 Verum
329 3234 448 3314 quondo
458 3242 584 3293 testatus
593 3242 648 3303 est,
658 3232 827 3312 exemplum
839 3252 904 3293 esse
917 3233 1083 3314 testamenti
1090 3234 1224 3298 Pusionis

128 3345 164 3386 es
177 3325 370 3406 quoe'tsbulis
394 3317 533 3406 inscripta
551 3323 668 3396 luerint,
683 3343 748 3384 cum
770 3325 925 3384 ostendere
940 3344 999 3385 nou
1013 3325 1106 3405 possit
1120 3328 1167 3390 vel
1178 3337 1223 3390 te-

126 3428 304 3480 stamentum
318 3419 423 3480 iecisse
435 3429 546 3498 patrem
560 3425 701 3489 nostrum,
715 3417 763 3476 rel
784 3436 817 3478 se
833 3417 999 3479 interfuisse
1014 3427 1221 3484 testamentum

126 3511 254 3574 faciente
271 3521 353 3591 putre
366 3522 397 3572 et
409 3510 527 3584 vidisse,
540 3504 639 3570 nonne
652 3517 751 3590 aperte
763 3509 948 3570 convincitur
960 3509 1027 3570 islsi
1041 3511 1223 3573 testimonii?

168 3605 198 3664 ³.
220 3604 309 3674 Quod
331 3605 356 3664 si
377 3601 612 3686 provocationem
634 3619 701 3662 esse
723 3600 806 3675 dicit,
829 3621 889 3661 nou
910 3601 1119 3675 testimonium,
1140 3603 1221 3664 haud

124 3713 199 3756 vers
210 3697 370 3773 predicat:
391 3695 527 3777 quicquid
540 3695 618 3754 euim
637 3693 667 3752 in
683 3691 828 3772 judicium
848 3692 975 3754 efferunt
986 3693 1016 3752 in
1035 3703 1139 3754 mutus
1155 3713 1223 3774 pno-

124 3786 278 3850 rocstioue
291 3788 457 3862 adversarii,
470 3807 522 3867 per
542 3785 738 3846 testimouium
753 3785 886 3847 efferunt
928 3786 1035 3866 Neque
1049 3785 1221 3848 enimvobis

124 3879 238 3960 liquere
258 3890 369 3962 posset,
381 3899 489 3941 serene
503 3888 603 3940 esseut
624 3897 662 3936 sn
681 3877 766 3952 isles,
786 3898 853 3956 quee
872 3879 988 3959 utrique
1010 3878 1149 3950 dicemus,
1164 3878 1222 3939 nisi

125 3973 192 4052 quis
207 3971 294 4033 etism
308 3982 399 4033 testes
412 3972 578 4034 adhiberet:
599 3970 634 4030 iis
650 3990 717 4030 vero
731 3969 877 4044 adhibitis,
890 3969 948 4030 iilis
961 3970 1112 4032 credentes
1125 3980 1158 4028 ut
1169 3970 1220 4048 qui

127 4065 285 4126 reddendis
298 4066 458 4126 rationibus
472 4064 589 4126 obnoxii
604 4063 672 4136 sint,
686 4073 747 4123 tum
761 4083 798 4124 ex
809 4063 856 4124 his
868 4083 936 4143 qum
949 4082 967 4123 s
978 4063 1035 4124 reis
1046 4073 1108 4124 tum
1121 4081 1160 4124 ex
1173 4063 1220 4127 bis

127 4176 194 4236 qum
208 4175 227 4216 s
239 4156 362 4218 testibus
385 4155 529 4231 dicuntur,
542 4175 576 4216 ee
595 4154 721 4216 statuitis
741 4165 773 4215 et
783 4154 940 4215 decernitis
954 4173 1024 4233 qum
1036 4154 1120 4216 vobis
1139 4155 1221 4236 juste

126 4267 196 4322 csse
209 4248 373 4311 videantur.
854 4294 857 4300 -
1003 4295 1007 4302 -

127 4415 132 4424 1
166 4345 197 4400 4.
218 4341 408 4421 Argumentis
421 4349 518 4402 sutem
531 4340 686 4402 ostendum
700 4348 733 4400 et
742 4339 939 4401 testimonium
950 4357 1027 4415 esse,
1039 4360 1100 4401 nou
1113 4359 1219 4423 proro-

123 4433 281 4508 cstionem,
295 4445 325 4495 et
344 4432 590 4513 quemadmodum
608 4432 787 4514 oportuisset
800 4429 960 4507 testiiiosri,
972 4433 1000 4494 si
1014 4433 1094 4495 isots
1116 4434 1221 4495 inisset

646 4528 700 4584 40
