2967 5017
461 356 632 430 costas
657 363 929 429 TlMAllCHUM.
1203 363 1242 422 tr

146 519 217 581 dum
230 520 411 592 recordatur,
426 540 459 582 se
470 523 591 582 invitum
602 521 738 598 lelcllisse
748 519 837 582 fldem
845 519 1005 598 Menoetlo,
1019 517 1147 579 Patrocli
1157 519 1244 598 patri,

146 609 267 670 datam:
290 611 338 670 cni
358 613 545 691 promisisset,
568 631 600 671 se
614 610 794 686 Patroclum,
813 611 962 691 Opuntem
977 609 1089 669 salvum
1103 608 1243 668 reductu-

146 705 308 763 rum—luit
320 705 397 764 enim
410 704 607 784 Opuntius-,
622 706 646 763 si
667 725 734 764 curn
752 725 852 764 secum
870 705 909 764 ad
929 703 1045 782 Trojam
1065 701 1243 780 ablegasset,

147 804 180 852 et
195 795 263 854 lidei
286 816 348 856 sure
370 797 582 856 commisisset:
603 787 682 855 unde
702 807 824 876 apparet
843 815 909 855 eum
931 795 1036 854 amoris
1056 814 1146 874 cause
1166 787 1247 854 illius

145 905 248 948 curam
262 889 447 970 suscepisse:
468 908 519 949 eos
534 908 632 949 versus
644 890 753 968 posuit,
767 907 841 966 quos
852 908 908 968 ego
921 909 999 949 nunc
1014 889 1161 949 recitabo:

372 1030 429 1079 lieu
440 1045 507 1091 qaus
516 1031 589 1078 stults
599 1045 657 1078 mssa
664 1030 729 1082 rasit
738 1029 852 1078 ssutmtia
860 1029 942 1088 ruenti,

372 1111 427 1167 Quo
439 1109 553 1171 spondere
564 1109 604 1155 die
611 1107 679 1169 potui
689 1107 742 1163 tibi,
752 1107 814 1154 olrrs
823 1109 928 1162 llsuoeti,

372 1183 525 1238 luculumeru,
536 1183 697 1243 illustremque
707 1183 737 1230 sd
750 1184 853 1246 Opuntis
862 1184 945 1230 meanis
957 1190 1033 1232 ustum

373 1260 464 1305 Ersrss
473 1260 551 1317 l'roJ's,
563 1258 648 1318 spoliis
656 1258 787 1320 insignibus
799 1265 901 1314 suetum,

373 1333 510 1380 viotursnt
529 1333 577 1380 squ
588 1347 634 1380 nott
645 1333 704 1380 deus
712 1334 820 1380 omuibus
828 1334 904 1380 omnis
915 1340 972 1383 reta

372 1410 500 1472 ludulssctr
516 1409 633 1472 siquiden
644 1410 679 1458 sio
689 1409 763 1471 iupis
773 1410 821 1456 lsts
828 1409 938 1466 tulerunt,

370 1487 424 1534 llos
434 1487 517 1536 adsui
528 1493 554 1534 ut
564 1493 655 1548 tegeret
664 1485 744 1545 tellus,
753 1486 874 1548 utriusqus
885 1501 967 1535 eruore

374 1563 462 1624 Spsrss
472 1564 567 1612 ruberet
574 1563 665 1611 lruurus.

150 1685 255 1764 Neque
278 1706 347 1747 vero
366 1687 415 1748 hic
439 1690 588 1749 duntaxat
598 1688 785 1762 lamentatur,
806 1689 860 1748 sed
880 1707 947 1750 eum
964 1688 1040 1748 adeo
1061 1687 1245 1750 vehementer
1323 1727 1326 1734 ,

148 1776 243 1856 luget,
257 1788 291 1838 ut
303 1799 371 1838 cum
385 1800 403 1840 a
416 1781 541 1841 Thetide
556 1790 648 1840 matre
657 1779 799 1852 audisset,
809 1799 853 1852 se,
867 1781 892 1839 si
900 1779 1000 1840 hostes
1014 1799 1074 1840 non
1088 1800 1245 1860 perseque-

148 1878 240 1942 retur,
264 1870 317 1930 sed
338 1871 463 1932 inultam
481 1873 612 1932 Patrocli
638 1891 741 1932 necem
763 1881 922 1950 pateretur,
945 1873 1066 1932 domum
1089 1892 1245 1950 reversum,

149 1980 249 2020 senem
262 1962 292 2020 iu
310 1981 364 2023 sua
381 1965 477 2042 patria
489 1965 653 2025 obiturum:
675 1963 721 2023 sin
735 1964 816 2023 ultus
831 1973 918 2036 esset,
932 1965 1064 2025 celeriter
1076 1965 1165 2025 uitam
1179 1984 1246 2026 eum

148 2063 242 2113 morte
257 2066 514 2124 commutaturum,
527 2056 614 2116 fidem
635 2075 707 2134 erge
719 2065 865 2115 munuum
880 2075 942 2116 suae
961 2057 1122 2136 proetulerit
1135 2057 1247 2117 incolu-

149 2142 252 2212 mitati.
272 2144 427 2226 Tantaque
441 2148 530 2206 animi
547 2147 750 2226 magnitudine
765 2147 802 2207 ad
823 2145 1024 2208 ulciscendum
1038 2148 1116 2207 illius
1129 2148 1248 2209 interle-

150 2243 260 2295 ctorcm
286 2240 459 2317 properarit,
487 2250 522 2299 ut
540 2239 673 2299 omnibus
698 2258 766 2298 curn
794 2239 1023 2312 consolantibus,
1044 2250 1074 2300 et
1092 2240 1191 2300 lavare
1212 2261 1247 2300 ac

149 2325 247 2386 cibum
260 2347 365 2408 capere
377 2330 560 2408 jubentibus,
577 2333 719 2408 abjurarit
734 2349 767 2394 se
783 2331 939 2412 quicquam
962 2332 1077 2391 illorum
1092 2333 1248 2405 iacturum,

149 2416 321 2496 priusquam
343 2433 434 2499 caput
456 2422 593 2482 Hectoris
615 2423 655 2482 ad
676 2423 806 2483 Patrocli
827 2424 1001 2503 sepulcrum
1019 2423 1176 2484 attulisset.
1214 2423 1250 2482 Ei

149 2527 237 2588 porro
260 2509 290 2567 in
310 2530 382 2587 rogo
405 2513 571 2584 dormienti,
584 2523 619 2572 ut
632 2515 672 2572 ait
685 2525 783 2591 pocta,
800 2515 987 2578 simulacrum
999 2515 1126 2577 Patrocli
1144 2518 1249 2575 obver-

150 2611 257 2671 satum,
272 2601 440 2680 hujusmodi
452 2622 548 2661 rerum
560 2605 731 2663 memoriam
749 2607 876 2683 relpicat,
894 2618 925 2664 et
942 2626 979 2664 ea
994 2608 1116 2666 mandat
1129 2607 1247 2677 Achilli,

152 2713 220 2771 quea
233 2693 317 2752 nobis
331 2692 477 2771 lacrymas
488 2703 624 2752 excutere
637 2693 760 2768 possint,
773 2705 803 2752 et
816 2696 942 2762 efficere,
954 2704 988 2751 ut
1000 2695 1135 2754 virtutem
1149 2716 1250 2755 eorum

152 2794 241 2862 etque
261 2783 418 2842 amicitiam
435 2783 622 2842 admiremur.
654 2781 733 2840 Nam
754 2801 821 2840 eum
841 2783 1088 2859 jubet,praelatus
1104 2784 1248 2863 inprimis

150 2874 235 2934 illum
249 2875 337 2934 ctiam
350 2893 411 2933 non
424 2860 513 2952 lodge
523 2893 541 2932 e
550 2880 644 2931 morte
654 2874 766 2942 abesse,
779 2872 804 2931 si
817 2891 878 2952 quo
889 2873 977 2932 modo
988 2874 1050 2932 fieri
1063 2877 1165 2954 possit,
1179 2877 1250 2937 darc

152 2984 284 3045 operam,
298 2984 333 3024 ac
347 2953 509 3044 prouidere,
519 2975 549 3025 et
561 2963 807 3043 quemadmodum
820 2982 878 3023 uua
891 2964 952 3022 sint
960 2964 1077 3024 educati
1086 2977 1119 3026 et
1133 2967 1251 3042 versati,

153 3057 196 3117 sic
215 3076 315 3117 eorum
337 3055 425 3116 etiam
450 3055 659 3116 defunctorum
681 3074 753 3114 ossa
770 3054 873 3114 eodem
894 3054 925 3112 in
945 3052 1043 3114 loculo
1063 3067 1251 3134 reponantur.

154 3149 303 3208 Praeterea
314 3148 490 3218 lamentans,
502 3157 531 3206 et
545 3159 641 3206 actem
656 3167 716 3205 una
728 3146 817 3205 vitum
830 3163 997 3218 recensens,
1010 3147 1061 3220 ait,
1079 3167 1112 3206 se
1125 3147 1250 3226 posthac

154 3241 287 3301 maximis
296 3241 334 3300 de
344 3243 442 3313 rebus,
453 3251 487 3299 ut
500 3237 578 3300 soliti
587 3242 667 3319 prius
677 3239 794 3313 luerint,
809 3239 838 3298 in
851 3239 957 3298 eodem
966 3258 1117 3314 consessu,
1129 3242 1250 3300 seorsim

154 3354 174 3395 a
186 3335 291 3395 ceteris
304 3354 363 3393 non
377 3352 441 3392 esse
457 3332 686 3392 deliberaturos:
707 3331 808 3404 fidem,
827 3331 940 3410 opinor,
959 3342 991 3391 et
1008 3332 1251 3405 benevolentiam,

153 3448 216 3488 reru
234 3428 339 3488 summi
360 3445 424 3486 esse
436 3426 573 3502 desiderii
586 3421 765 3484 eiistimans.
797 3425 841 3485 Ut
861 3435 960 3485 autem
979 3436 1076 3504 poetes
1090 3427 1260 3487 sententias·
1285 3495 1291 3502 ¹

153 3521 284 3584 uersibus
298 3520 428 3579 inclusas
441 3517 579 3590 audiatis,
591 3517 729 3577 recitabit
741 3517 825 3590 robis
839 3518 935 3576 scriba
947 3529 1051 3576 tersus
1064 3533 1139 3596 quos
1152 3517 1197 3576 his
1210 3519 1250 3578 de

153 3612 242 3672 rebus
255 3612 325 3671 lecit
340 3611 499 3672 Homerus.
519 3610 579 3670 Eos
587 3611 712 3690 primum
723 3629 818 3686 narra,
827 3628 901 3688 quos
911 3608 950 3666 de
960 3607 1099 3670 Hectoris
1108 3608 1251 3690 supplicio

148 3704 235 3766 lacit.
1026 3711 1030 3720 '

381 3836 451 3883 Nono
461 3841 593 3896 postquem,
601 3833 720 3891 l’strsolc,
732 3839 779 3881 tue
789 3847 839 3880 suus
847 3835 943 3893 postera
953 3829 1009 3880 ritas

379 3911 495 3971 Tempora
506 3909 610 3966 sortitus,
621 3925 667 3956 nou
677 3916 730 3956 suta
741 3922 786 3970 ego
796 3907 876 3956 debite
887 3907 977 3956 solvant

381 3986 476 4032 Funere
483 3989 549 4046 justa
557 3993 609 4042 tuo,
620 4001 689 4047 qum
694 3985 746 4036 lino
757 3982 869 4032 Hectoris
880 3997 943 4032 arms
954 3982 1050 4045 superbi

381 4063 414 4110 lit
424 4068 495 4124 caput
504 4062 615 4111 attulero.

157 4171 263 4232 Recita
271 4190 342 4252 ergo
352 4191 390 4231 aa
402 4192 470 4252 quse
478 4172 632 4234 Patroclus
642 4175 672 4232 in
686 4174 794 4258 somnis
807 4171 849 4232 illi
862 4174 933 4234 dicit
945 4176 983 4236 de
997 4175 1144 4236 communi
1156 4176 1253 4256 sepul-

154 4275 231 4340 tura,
243 4273 275 4330 et
284 4264 323 4326 de
335 4265 405 4324 vitre
418 4275 493 4326 actae
506 4285 566 4326 uua
578 4263 811 4326 consuetudine:

381 4408 436 4455 Non
443 4407 537 4455 debitur
549 4414 625 4456 tecum
636 4409 736 4470 posthac
747 4409 777 4456 de
789 4409 860 4456 rebus
867 4403 963 4472 agendis

280 4490 286 4501 “
384 4485 525 4540 (lassulus,
535 4490 561 4532 ut
570 4497 646 4545 nuper
657 4483 764 4534 virentes
774 4485 873 4534 lecimus
884 4487 966 4535 srnbo:
