2967 5017
411 295 709 360 PRAEFEGTURAE
732 296 927 356 navitus
1155 297 1215 354 ⁷0⁵

115 449 224 535 jubent
235 473 291 516 nor
304 456 494 517 communiter
504 475 604 516 omues
618 454 759 527 coronari,
770 473 837 514 cum
847 472 908 513 non
921 453 961 512 sit
972 471 1010 512 ea
1022 452 1133 512 decreti
1146 471 1215 512 sen-

119 549 221 608 tentia.
265 547 394 610 Tantum
408 559 505 634 autern
520 551 647 610 abeatur
661 548 784 628 irtaego
799 547 973 620 concedam,
983 555 1124 627 quantum
1135 545 1215 606 abfui

119 649 154 701 ut
166 641 365 702 trierarchiam
379 643 519 703 locarim:
549 659 645 720 neque
663 641 741 700 enirn
755 640 829 700 illud
843 641 946 713 ieram,
957 659 1056 719 neque
1069 639 1126 698 hoc
1145 638 1214 698 ieci.

121 729 268 793 Simulant
286 753 357 794 saue
372 755 403 794 se
412 735 534 814 justitiae
547 745 577 794 et
591 733 720 812 aequitati
731 728 925 812 patrocinari:
948 733 1002 793 sed
1017 731 1215 792 vehementius

118 827 312 898 contendunt,
326 845 415 905 quum
428 839 557 888 restrum
582 827 686 906 aliquis
709 824 837 904 gratuito
857 824 976 896 iaceret,
995 824 1114 904 perinde
1136 843 1172 884 ac
1192 825 1217 883 si

118 920 285 981 mercedem
309 922 421 996 mereri,
434 941 493 982 non
515 921 673 982 sententias
698 917 805 988 dicere,
825 919 868 978 eis
887 917 1049 978 conveniat.
1090 917 1217 989 Deinde,

117 1031 181 1070 nou
202 1026 340 1093 tauquam
359 1015 388 1073 in
411 1014 556 1074 communi
572 1013 689 1074 civitate
708 1021 869 1083 versentur,
891 1020 1102 1090 proptereaque
1123 1009 1215 1070 cuivis

117 1103 218 1163 dicere
230 1104 325 1178 liceat,
340 1107 395 1168 sad
408 1117 548 1186 tanquam
560 1106 591 1165 id
612 1104 668 1185 ipsi
681 1103 773 1165 veluti
788 1103 933 1183 privatum
953 1101 1149 1164 sacerdotium
1163 1103 1217 1163 ob·

117 1195 240 1268 tineant,
258 1199 283 1258 si
305 1201 370 1279 quis
390 1218 510 1260 causam
530 1217 613 1257 suam
631 1196 710 1278 apud
731 1215 784 1258 vos
804 1197 875 1276 agit,
897 1195 1070 1275 quiritantur
1090 1194 1216 1276 eumque

117 1285 259 1349 audacem
272 1311 336 1350 esse
350 1292 519 1352 clamitant:
541 1301 627 1370 atque
639 1291 670 1351 in
679 1309 747 1350 eum
760 1299 908 1369 stuporem
917 1288 1047 1360 veniunt,
1059 1299 1093 1348 ut
1101 1299 1216 1368 putent,

118 1379 146 1440 ai
162 1399 249 1459 quem
263 1383 314 1461 qui
334 1381 425 1442 semel
446 1382 524 1463 apud
546 1403 600 1444 vos
619 1385 709 1444 verba
729 1382 832 1443 fecerit
854 1381 1054 1462 impudentem
1074 1382 1216 1451 vocarint,

117 1471 182 1532 fore
194 1483 228 1531 ut
241 1473 296 1552 ipsi
309 1475 340 1533 in
354 1475 434 1534 omni
447 1475 507 1536 vita
520 1474 589 1536 boni
602 1476 656 1535 viri
671 1475 883 1534 existimentur.
927 1474 1092 1542 Enimvero,
1104 1483 1136 1532 et
1146 1491 1215 1552 pro·

116 1573 184 1643 pter
196 1563 320 1624 istorum
335 1568 491 1628 conciones
506 1568 601 1626 multa
614 1568 759 1627 deteriora
772 1578 860 1635 sunt;
882 1578 913 1628 et
928 1587 987 1651 per
1006 1585 1057 1626 eoa
1070 1567 1120 1645 qui
1129 1565 1216 1644 justi·

114 1657 189 1716 tiam
214 1675 385 1737 oppugnare
409 1679 467 1718 nou
492 1659 627 1719 dubitant
644 1669 752 1718 cuncta
766 1661 925 1738 perierunt.
964 1659 1036 1718 Istis
1057 1659 1145 1736 igitur
1163 1679 1216 1740 pa·

111 1749 210 1810 tronis
223 1749 354 1822 adscitis,
369 1769 437 1811 cum
452 1753 547 1812 scient
558 1761 672 1811 tantm
685 1751 715 1808 in
729 1762 865 1832 promptu
876 1772 943 1812 esse
961 1749 1156 1836 maledicendi
1173 1753 1216 1814 eia

112 1841 271 1902 materiam
293 1842 317 1902 ri
335 1862 410 1922 quoa
433 1843 596 1904 convicium
616 1843 711 1903 lacera
726 1843 820 1922 juret,
834 1853 931 1903 tamen
949 1844 980 1903 iu
998 1845 1215 1905 contentionem

114 1932 300 1994 descendere
319 1945 350 1994 et
372 1935 457 1996 alicui
477 1934 651 1994 maledicere
673 1954 732 1994 nou
753 1935 890 1996 dubitant
903 1937 933 2009 ii,
952 1957 1026 2017 quoa
1044 1936 1216 2016 impunitate

113 2035 273 2086 contentos
284 2045 348 2086 esre
362 2030 523 2118 oportebat.
554 2027 643 2106 Atqui
656 2037 690 2086 ut
702 2027 751 2088 isti
765 2028 892 2089 audaces
905 2029 963 2090 sint
976 2039 1007 2089 et
1020 2029 1115 2109 injurii
1128 2051 1215 2093 nemo
1228 2027 1235 2042 ’

115 2118 213 2196 magis
236 2117 267 2178 in
290 2131 446 2180 causaest
467 2139 554 2199 quam
573 2119 762 2198 vosmetipsi:
784 2122 821 2181 ab
843 2122 1006 2182 oratoribus
1027 2123 1115 2195 enim,
1138 2143 1214 2203 quos

116 2209 200 2270 scitis
221 2231 287 2270 esre
306 2211 439 2272 mercede
452 2203 630 2285 ionductos,
653 2211 839 2273 sciscitamini
857 2213 958 2292 quales
982 2213 1088 2295 quique
1116 2217 1216 2277 existi-

116 2301 220 2364 mandi
236 2303 304 2374 sint,
318 2322 378 2362 non
393 2303 447 2383 ipsi
456 2303 720 2388 judicium'facitis.
761 2304 841 2372 Quid
862 2315 910 2364 est
931 2317 1029 2366 autem
1049 2307 1215 2381 absurdius,

118 2413 210 2476 quam
223 2413 289 2453 cum
302 2413 352 2454 eos
365 2394 446 2474 ipsos
466 2395 693 2475 improbissimos
708 2396 815 2456 civium
833 2397 1015 2471 existimetis,
1028 2397 1094 2458 illos
1113 2399 1164 2480 qui
1176 2401 1214 2460 ab

117 2487 184 2547 istis
204 2485 361 2546 laudantur
384 2488 478 2548 bonos
500 2481 574 2549 viris
591 2488 721 2549 heberei
742 2489 869 2548 Proinde
887 2489 929 2549 illi
948 2491 1046 2551 omnia
1068 2511 1123 2552 auo
1137 2493 1214 2553 arbi·

117 2589 197 2640 trata
209 2589 303 2658 agunt
313 2589 344 2640 et
356 2579 563 2660 rempublicam
583 2590 696 2640 tautum
715 2601 775 2640 non
796 2583 850 2641 sub
863 2601 1026 2662 praeconem
1047 2585 1214 2664 subjiciunt,

117 2681 149 2734 et
171 2691 317 2744 coronare,
331 2691 419 2752 quem
440 2671 510 2751 ipsis
531 2673 625 2732 virum
643 2673 738 2745 fuerit,
756 2683 788 2733 et
808 2691 868 2731 uon
888 2692 1039 2748 coronare,
1049 2678 1164 2752 jubent,
1184 2690 1215 2739 et

120 2783 205 2825 suam
227 2765 427 2826 auctoritatem
445 2764 629 2845 plus·valera
642 2764 745 2824 volunt
758 2783 846 2843 quam
859 2764 982 2841 „decreta
1001 2777 1106 2826 restra.
1148 2769 1214 2848 Ego

118 2879 190 2920 vero
211 2878 264 2919 vos
284 2858 396 2932 moneo,
415 2859 550 2932 Judices,
564 2879 603 2918 ne
622 2857 752 2918 studium
775 2868 806 2917 et
824 2857 1026 2919 liberalitatem
1045 2879 1144 2919 eorum
1164 2861 1214 2939 qui

121 2961 257 3033 sumptus
269 2941 365 3012 lacere
377 2952 479 3012 volunt
492 2961 638 3012 oratorum
652 2949 778 3011 avaritiae
791 2950 972 3010 condonetis.
998 2951 1114 3030 Alioqui
1124 2953 1213 3014 doce·

121 3035 306 3108 bitisomnes
319 3065 337 3107 a
348 3045 583 3107 vobis'mandata
602 3064 723 3116 munera
742 3063 830 3123 quam
847 3041 986 3104 vilissime
1003 3043 1213 3119 administrare,

121 3149 253 3222 et'quam
266 3139 383 3200 maximi
395 3139 558 3201 conducere
572 3139 622 3217 qui
633 3159 686 3219 pro
699 3137 771 3219 ipsis
781 3137 860 3218 apud
870 3139 922 3196 v'os
936 3137 1123 3216 impudenter
1130 3157 1213 3200 men-

123 3235 239 3295 dantur.
463 3241 465 3250 ’
907 3252 910 3262 ·
935 3257 938 3262 ·
