2967 5017
268 335 325 391 ¹³⁰
707 339 915 444 AEsctttntls

265 499 298 552 et
309 504 359 576 res
370 493 542 572 postularet,
557 504 588 554 et
609 513 663 554 vos
676 497 826 576 peteretis.
850 494 971 574 Alioqui
981 513 1026 555 ne
1039 495 1224 556 familiarium
1243 497 1369 576 quidem¹

265 581 412 661 aliquibus
424 584 511 647 facile
524 603 591 648 esse
604 587 728 648 suadere
742 589 954 661 existimabam,
968 588 1076 648 nedum
1088 588 1216 650 civitati:
1238 599 1270 650 et
1283 589 1369 649 uobis

264 694 330 736 esse
356 677 429 737 alios
459 679 511 758 qni
530 680 697 759 reipublice
716 679 844 742 dicendo
865 679 1040 760 agendoque
1060 681 1212 742 conruere
1233 691 1367 759 possent.

266 768 385 848 Reliqui
397 770 475 832 enim
487 789 547 830 nnn
559 789 684 850 paucos.
724 771 783 834 sert
798 771 868 853 quia
879 791 981 834 eorum
995 773 1045 833 alii
1063 774 1209 846 obierunt,
1221 773 1307 834 multi
1328 774 1370 833 si·

265 859 326 920 mili
339 881 453 923 mecum
473 863 640 926 calamitate
652 876 723 927 sunt
742 866 913 940 conflictati,
927 875 958 926 at
977 867 1142 946 respublica
1154 887 1254 946 mum
1269 887 1289 928 a
1301 867 1368 946 qui·

265 953 322 1013 bus
336 956 512 1033 gubernetur
531 959 654 1036 penuria
666 958 921 1029 laborat—audio
932 967 1030 1019 autem
1042 959 1187 1037 quosdam
1196 979 1249 1039 per
1262 959 1366 1021 literas

265 1048 384 1106 turbam
395 1041 689 1120 smmmcivitatisss,
696 1050 761 1128 jam
775 1068 834 1109 non
845 1069 962 1120 recuso,
974 1069 1011 1111 ea
1023 1069 1090 1127 qum
1100 1051 1170 1113 mibi
1184 1071 1200 1109 e
1214 1051 1368 1128 republica
1448 1115 1449 1118 ,

266 1139 562 1220 essetvidentusqna
575 1139 765 1201 uolutatione
779 1141 858 1212 licet,
871 1159 923 1218 per
944 1139 1044 1200 literas
1058 1141 1216 1220 explicare,
1236 1141 1320 1221 quod
1342 1143 1366 1200 si
1448 1137 1449 1142 ’

266 1251 314 1290 me
325 1251 405 1292 nnnc
417 1233 507 1292 etiam
516 1232 615 1292 tacere
625 1251 693 1293 cnm
706 1231 922 1292 Macedonibus
935 1231 1050 1302 dicunt,
1064 1243 1095 1292 et
1104 1232 1186 1294 falsae
1195 1234 1367 1312 legationis,
1448 1241 1449 1292 t

264 1333 317 1383 ant
330 1323 456 1385 Gracia
476 1325 601 1404 proditae
615 1326 704 1386 etiam
726 1325 878 1385 absentem
893 1325 982 1404 aliqui
995 1335 1148 1396 accusant,
1161 1335 1283 1406 paratus
1298 1347 1367 1396 ιιιιιιι
1448 1344 1449 1362 ¹

267 1415 345 1476 ulna
361 1427 395 1476 et
414 1417 553 1478 Rhodum
575 1429 606 1478 et
627 1417 791 1478 universam
808 1417 953 1478 Graeciam
972 1417 1085 1496 lugere,
1105 1419 1132 1477 si
1152 1419 1261 1492 volent,
1275 1428 1308 1480 et
1330 1419 1368 1478 ad
1448 1477 1449 1480 ,

266 1506 426 1570 Persarum
435 1521 466 1570 et
480 1509 640 1572 Medorum
653 1529 753 1590 regem
764 1511 942 1590 proficiscar.
964 1508 1030 1570 Etsi
1042 1529 1089 1570 me
1102 1519 1181 1570 stare
1193 1530 1212 1571 a
1223 1510 1324 1572 Persia
1338 1521 1369 1571 et
1448 1525 1449 1536 ¹

266 1603 365 1665 Medis
378 1627 467 1668 neum
478 1627 608 1688 unquam
620 1607 708 1680 dixit,
720 1617 753 1666 et
765 1607 896 1672 omnium
909 1605 1027 1666 minime
1042 1606 1269 1668 Demosthenes.
1289 1657 1293 1666 .
1305 1607 1368 1668 Sed

266 1718 304 1758 ne
313 1698 355 1758 ibi
366 1699 487 1778 quidem
500 1719 537 1761 ea
550 1701 675 1761 scribere
690 1699 842 1770 desistam,
859 1718 926 1781 quea
939 1698 1166 1779 urbiprot'utura
1175 1698 1365 1771 videbuntur,
1448 1767 1449 1772 ἵ

267 1811 325 1852 nou
340 1789 556 1872 gratificaturus
569 1794 663 1866 vobis,
677 1803 712 1854 ut
724 1793 774 1854 alii
788 1792 919 1874 quidem,
929 1791 984 1853 sed
992 1791 1083 1853 libere
1094 1791 1265 1853 moniturus.
1288 1793 1364 1868 ¹Sci·

265 1886 377 1946 endum
397 1887 474 1946 enim
487 1897 544 1960 est,
562 1907 615 1948 eos
628 1888 830 1967 magistratus,
843 1886 894 1965 qui
915 1885 1009 1966 magia
1023 1886 1259 1967 objurgarevos,
1274 1902 1364 1964 qnam
1448 1945 1449 1952 ἶ

266 1977 391 2056 gutiam
404 1989 532 2039 mtrem
548 1979 689 2059 aucupari
703 1978 796 2040 videri
814 1977 928 2049 uolunt,
943 1977 1066 2038 maxime
1080 1977 1118 2036 ad
1132 1978 1255 2057 gratiam
1271 1977 1365 2058 loqui,
1448 1979 1449 2044 i

264 2070 382 2131 delecta
399 2071 616 2133 enassentandi
629 2072 686 2141 sia,
700 2091 768 2150 quaa
790 2073 845 2132 sub
867 2073 1034 2132 velamento
1049 2071 1190 2131 libertatis
1209 2069 1365 2130 delitescat

264 2181 373 2223 -uam
393 2162 458 2223 bec
481 2174 534 2224 est
555 2164 739 2242 gratificandi
760 2165 873 2225 uiribus
895 2175 927 2224 at
947 2163 1071 2226 ducibus
1096 2165 1146 2224 via
1167 2163 1258 2223 rnultn
1281 2164 1365 2224 mali·
1448 2163 1449 2176 ¹

265 2257 418 2327 tiosios-,
438 2275 528 2335 quam
547 2256 670 2336 ingrcssi
687 2256 808 2334 quidam
828 2257 964 2328 Athenis,
986 2275 1033 2316 me
1052 2266 1084 2316 et
1100 2256 1197 2317 adbuc
1214 2256 1295 2336 apud
1313 2277 1365 2316 vos

264 2350 431 2430 superstite,
444 2350 487 2410 sic
499 2349 577 2409 enim
591 2349 662 2408 mibi
674 2348 834 2408 dicendum
846 2358 902 2420 est,
916 2359 947 2407 et
966 2367 1056 2421 nunc,
1074 2357 1215 2426 quantum
1231 2348 1263 2406 in
1281 2349 1365 2408 vobis
1448 2419 1449 2428 ἢ

264 2453 321 2514 est,
345 2451 619 2512 mortum-vestram
639 2441 764 2519 culpant
782 2441 940 2520 ignasiam,
962 2441 1071 2519 utqui
1098 2439 1196 2500 nolitia
1223 2431 1365 2519 imperare

265 2531 403 2604 Graecia,
416 2543 448 2592 et
460 2533 499 2592 ad
511 2531 706 2612 principatum
725 2531 928 2603 adhortantur,
942 2541 1076 2611 utquam
1090 2531 1219 2592 obtinere
1232 2533 1364 2611 possitis.
1448 2555 1449 2580 ι

264 2627 327 2687 Vos
340 2643 412 2688 varo
426 2625 515 2687 malle
529 2624 644 2685 debetis
659 2643 728 2686 cnm
741 2625 878 2705 opinione
897 2624 1024 2704 ignavia
1036 2624 1126 2684 sideri
1143 2623 1255 2685 Gmcis
1271 2624 1365 2705 impe-
1448 2625 1449 2628 ’

264 2717 442 2804 rara'poeee,
456 2740 557 2801 quam,
573 2727 689 2780 retenta
700 2729 799 2780 vestra
812 2715 972 2790 alacritate,
990 2717 1100 2778 viribus
1113 2717 1241 2778 destitui.
1266 2717 1366 2778 Audio

264 2815 353 2889 eninr,
362 2815 515 2875 Alsandro
525 2812 678 2885 defuncto,
688 2810 833 2890 quosdam
849 2809 994 2870 exhortari
1004 2827 1057 2869 vos
1068 2809 1212 2869 adrerum
1221 2827 1364 2870 novarum

264 2907 414 2968 sardium:
435 2924 493 2985 ego
510 2923 579 2965 vero
598 2924 635 2964 ea
652 2923 699 2964 me
712 2902 796 2963 vobis
809 2902 933 2963 suadere
944 2900 1067 2974 sellem,
1089 2920 1156 2980 quae
1169 2901 1199 2960 in
1214 2911 1364 2980 posterum
1448 2943 1449 2958 ι

263 2999 446 3080 prodessent.
485 2996 592 3077 Neque
614 2998 692 3056 enim
711 2995 895 3076 ignorabam,
914 2993 1125 3054 testationem
1140 2993 1280 3074 optimum
1299 3013 1364 3054 ms-

256 3091 386 3165 ‘amum
404 3101 579 3169 ceterosque
593 3089 676 3160 deos,
688 3089 875 3166 magnificum
895 3105 971 3159 ease,
990 3085 1132 3146 barbaros
1145 3095 1290 3165 perpetuo
1309 3105 1362 3166 op·
1448 3073 1449 3128 ἶ

261 3202 409 3264 pugnare,
421 3190 452 3243 et
464 3181 590 3241 Grecos
603 3181 633 3240 in
657 3179 822 3240 libertatem
836 3178 994 3251 vindicare,
1013 3187 1044 3238 et
1065 3177 1122 3238 hoc
1144 3189 1260 3258 patrum
1274 3179 1364 3238 etiarn

166 3326 174 3339 ,
260 3288 427 3336 nostrorum
441 3273 531 3333 fuisse
540 3271 724 3332 instimtum:
746 3289 855 3341 verum,
865 3280 900 3330 ut
912 3271 1023 3351 optima
1032 3288 1158 3349 quaeque
1169 3269 1277 3343 uelitis,
1290 3270 1321 3330 id
1333 3271 1364 3330 in

157 3377 162 3383 ’
212 3433 217 3448 ⁸
260 3368 369 3428 vestris
382 3362 486 3425 animis
495 3381 563 3422 esse
576 3362 676 3434 situm,
690 3371 725 3421 ut
742 3372 840 3422 autem
856 3364 977 3440 exsequi
992 3361 1219 3439 atiampoeeitis,
1232 3363 1364 3424 mcunda

260 3461 351 3522 etiam
364 3460 481 3518 fortuna
490 3455 575 3515 vobis
588 3471 655 3515 esse
667 3471 752 3533 opus.
773 3453 985 3516 Existimabam
998 3451 1096 3530 igitur,
1108 3471 1161 3512 voe
1171 3471 1293 3532 qunque
1301 3473 1363 3516 nse-
1421 3455 1424 3458 ’
1448 3529 1449 3542 ¹

229 3595 233 3600 -
262 3553 542 3631 miniseeopnrtere,
556 3567 623 3619 nos,
633 3547 689 3606 etei
698 3547 738 3606 ad
752 3547 950 3608 Athenienses
964 3544 1136 3617 scribamus,
1150 3545 1189 3606 ad
1198 3564 1250 3605 eos
1265 3545 1363 3608 tamen

263 3648 393 3708 scribere
401 3644 607 3716 Athenienses,
618 3660 679 3702 non
689 3639 770 3721 apud
782 3658 857 3719 qnos
865 3637 1074 3732 rempublicam
1088 3637 1301 3699 Themistocles
1310 3640 1363 3699 ad·

262 3739 448 3810 ministravit,
462 3735 516 3796 sed
530 3735 570 3796 ad
582 3754 647 3809 eos,
659 3735 719 3814 qni,
738 3752 807 3794 cum
821 3731 925 3793 animis
940 3729 1031 3790 nihilo
1046 3729 1106 3790 sint
1125 3729 1182 3789 illis
1200 3729 1363 3802 interimas,

263 3854 324 3895 non
338 3832 458 3893 easdem
472 3829 581 3890 habent
595 3828 635 3889 ad
648 3827 778 3907 gerenda
790 3826 870 3886 bella
889 3824 1057 3885 facultates.
1071 3899 1074 3904 1
1086 3821 1164 3882 Nam
1178 3823 1230 3900 qui
1247 3823 1363 3885 Grada
1448 3823 1449 3838 ¹

262 3927 355 4008 digna
378 3923 530 3985 scribunt:
551 3921 642 3999 danto
669 3921 752 3981 vobis
776 3917 1101 3990 trecenae-triremes:
1123 3915 1215 3976 danto
1242 3917 1362 3996 triginta

263 4019 356 4083 millia
366 4017 511 4078 talentum
525 4015 648 4094 argenti,
663 4024 694 4074 et
705 4014 771 4074 auri
784 4013 847 4092 puri
860 4013 923 4091 poti
936 4009 991 4072 tria
1001 4007 1110 4070 millia:
1131 4007 1223 4069 danto
1236 4010 1360 4094 viporum

263 4123 353 4173 aetate
366 4119 398 4170 et
407 4108 510 4169 robore
521 4107 686 4167 florentinus
698 4115 813 4166 tantum
827 4102 1053 4188 multitudinem,
1067 4102 1097 4162 in
1111 4101 1269 4182 atmisjam
1281 4121 1362 4162 excr-

265 4206 440 4265 citstorum:
462 4209 493 4260 et
502 4198 626 4264 suadere
637 4185 893 4283 desinunto-ipsi
905 4196 984 4256 euim
997 4193 1124 4254 sckmns
1137 4194 1209 4273 quid
1220 4195 1259 4254 sit
1272 4213 1361 4282 agen·

264 4293 346 4362 dum,
359 4291 409 4352 ubi
418 4311 455 4352 ee
467 4309 535 4371 qnae
548 4291 673 4370 probata
681 4289 768 4350 nobis
782 4289 901 4362 tuerint,
911 4286 1033 4366 exsequi
1042 4277 1254 4376 poterimus-³,
1266 4305 1360 4368 neque

262 4403 360 4466 augea
371 4389 494 4463 agunto,
508 4384 618 4443 trustra
624 4380 788 4442 laudandis
802 4380 961 4459 majoribus
975 4379 1095 4452 nostris,
1109 4383 1139 4438 et
1149 4379 1283 4458 regione,
1298 4379 1360 4440 illos

263 4483 294 4542 in
305 4501 342 4541 ea
354 4487 383 4540 et
400 4497 454 4558 pso
467 4497 504 4537 ea
513 4475 608 4538 luisse
621 4486 719 4551 natos,
732 4474 820 4558 etiam
836 4471 917 4536 Deos
930 4473 962 4535 in
980 4491 1016 4536 es
1029 4491 1095 4534 esse
1115 4481 1205 4533 ortos.
1246 4471 1361 4552 Rogata
