2967 5017
357 359 414 420 ns
435 359 555 420 mass
576 361 712 422 naara
735 362 984 424 isanricus.
1030 350 1032 360 ⁴
1183 369 1219 428 rr

128 510 218 587 rist‘n,
231 513 315 574 nulla
327 513 408 574 tacta
419 523 465 574 est
476 515 587 574 mentio
601 513 812 593 Cersobleptis.
832 513 901 576 lam
923 535 990 576 raro
1010 515 1095 577 nobis
1110 518 1149 578 ad
1162 520 1222 580 exi·

35 603 38 610 '
125 607 256 683 gudam
264 606 474 686 jusjurandum
488 605 624 677 delectis,
643 606 774 680 nondum
789 626 857 666 vero
877 607 915 666 ad
930 609 1119 686 posteriorem
1141 609 1223 688 lega·

124 697 234 756 ύοιιειιι
248 697 399 776 prosectis,
412 699 517 758 concio
530 699 573 769 iit,
587 698 625 756 io·
637 718 697 776 qua
710 698 917 770 Demostheni,
933 699 983 778 qui
1005 721 1085 763 nunc
1106 721 1153 762 me
1173 722 1222 762 ac-

126 797 221 858 cusat,
235 790 354 870 obvenit
367 799 401 848 ut
414 791 592 868 praesideret.
623 790 659 848 ln
679 809 714 850 ea
733 791 877 852 concione
899 791 1069 852 Critobulus
1084 792 1223 872 Lampsa-

126 898 220 939 cenus
230 897 405 959 progressus
419 881 505 953 dixit,
524 902 556 941 se
576 882 700 941 missum
712 900 811 951 esses
830 882 1033 960 Corsoblepte,
1048 884 1099 962 qui
1114 895 1225 964 peteret

126 981 161 1030 ut
173 972 381 1050 jusjurandum
394 973 519 1052 Philippi
533 973 640 1051 legatis
661 973 792 1044 daretur,
807 983 838 1034 st
855 973 1062 1052 Cersobleptes
1082 977 1157 1052 inter
1174 995 1224 1036 ve·

127 1071 205 1125 snos
219 1066 314 1125 socios
324 1065 540 1126 inscriberetur.
563 1067 629 1125 llao
642 1065 775 1126 oratione
785 1064 895 1137 habita,
907 1067 1118 1128 Alerimachus
1129 1069 1225 1128 Galea

126 1154 279 1216 dumetum
291 1157 467 1235 presidibus
480 1157 642 1234 legendum
655 1155 719 1227 dat,
733 1155 763 1214 in
775 1176 833 1234 quo
848 1158 988 1236 scripturn
1003 1170 1075 1230 erat,
1090 1171 1124 1219 ut
1137 1161 1161 1219 is
1175 1159 1225 1238 qui

125 1247 359 1328 nCersoblepte
378 1248 522 1317 vcnmset,
538 1248 746 1326 jusjurandum
768 1243 903 1326 Philippo
924 1269 990 1308 cum
1012 1251 1116 1312 ceteris
1138 1252 1224 1312 sociis

126 1337 220 1400 daret
248 1340 386 1400 Recinto
400 1340 604 1410 decreto,-et
616 1339 673 1399 hoo
684 1359 737 1400 vos
752 1359 855 1400 omnes
872 1340 994 1402 arbitror
1006 1343 1222 1416 meminisse-,

124 1430 253 1490 surrexit
260 1430 692 1512 Demosthenesaprnsidibus,
699 1451 790 1512 seque
800 1433 831 1492 id
840 1432 991 1492 decretum
999 1437 1224 1511 approbaturum

124 1523 191 1580 esse
203 1522 333 1598 negavit,
343 1543 441 1601 neque
451 1524 559 1582 factam
567 1544 634 1584 cum
648 1525 784 1605 Philippo
794 1545 897 1604 pacem
910 1525 1020 1590 irritam
1031 1526 1222 1596 redditurum,

125 1629 222 1687 neque
234 1631 394 1690 agnoscere
416 1617 524 1685 socios,
538 1617 588 1693 qni
601 1627 743 1693 tanquam
756 1617 785 1674 in
800 1617 997 1690 libationibus,
1012 1637 1115 1678 manns
1135 1618 1224 1678 sacris

126 1701 336 1762 admoverent:
357 1705 414 1764 sed
427 1704 465 1762 de
484 1706 531 1764 lais
544 1707 632 1766 aliam
646 1725 711 1771 esse
731 1708 904 1766 concionem
924 1708 1118 1768 indicendam.
1156 1711 1226 1770 Cla·

126 1794 276 1855 mantibus
291 1804 390 1854 autern
409 1794 505 1866 robis,
517 1806 548 1855 et
564 1797 705 1874 presides
724 1797 762 1854 ad
786 1787 1160 1877 suggestum'rooantibus,
1171 1843 1173 1848 -
1183 1803 1224 1862 sic

125 1885 219 1946 inrito
230 1886 287 1945 isto
295 1889 516 1964 comprobatum
526 1897 574 1948 est
585 1888 745 1948 decretum.
772 1890 849 1956 Qua
863 1899 897 1948 ut
910 1910 979 1952 rere
992 1911 1011 1952 a
1024 1911 1069 1952 me
1083 1894 1224 1974 dicilcon·

127 1986 197 2048 stet,
221 1996 296 2039 roca
308 1978 378 2041 mibi
401 1979 637 2051 Aleximachum,
650 1981 702 2058 qui
724 1979 875 2042 decretum
894 1982 1023 2064 scripsit,
1042 1995 1073 2044 et
1094 1987 1222 2066 collegas

127 2071 346 2145 Demosthenis,
357 2092 394 2132 sc
405 2073 604 2134 testimouium
617 2073 718 2134 recita.

151 2205 158 2220 ·
206 2262 507 2323 Testimonium
528 2261 829 2324 DEMOSTHENIS
850 2265 1152 2330 COLLEGARUM.

167 2393 219 2449 27.
241 2391 271 2449 Is
286 2393 385 2470 igitur,
408 2377 457 2471 riui
480 2393 567 2452 modo
586 2393 635 2454 hic
649 2394 687 2452 ad
703 2393 903 2474 Cersobleptis
921 2395 1097 2456 mentionem
1112 2395 1226 2476 illacry-

127 2482 228 2554 mavit,
239 2482 379 2542 societate
392 2483 472 2543 illum
488 2485 626 2544 exclusit.
648 2486 689 2543 Ut
698 2504 767 2544 vero
782 2505 816 2544 ea
831 2489 935 2546 concio
955 2487 1075 2548 dimissa
1092 2487 1157 2560 suit,
1172 2487 1225 2546 foe-
1324 2536 1326 2546 .

127 2573 245 2633 deratos
259 2573 386 2654 Philippi
396 2574 487 2653 legati
495 2575 686 2655 jurejurando
700 2576 840 2636 inveniro
854 2581 988 2655 praetorio
1002 2579 1225 2639 obstrinxerunt.

129 2667 233 2726 Ausus
247 2676 346 2726 autem
359 2680 405 2728 est
418 2669 456 2730 ad
477 2689 529 2728 ros
545 2669 642 2729 dicere
660 2681 824 2740 accusator,
840 2689 886 2728 me
909 2671 1102 2744 Critobulum,
1122 2675 1226 2734 Corso-

127 2759 236 2838 bleptis
246 2758 415 2838 legatum
426 2761 516 2821 sacris
530 2761 683 2840 repulisse,
694 2781 763 2822 cum
777 2771 807 2820 et
816 2761 888 2820 socii
901 2761 1047 2834 adessent,
1061 2749 1226 2840 et'populns

129 2849 273 2924 scivisset,
290 2860 322 2910 st
335 2852 426 2912 duces
440 2852 611 2912 assiderent.
642 2852 728 2912 Unde
744 2862 839 2912 tantas
854 2852 928 2911 vires
946 2851 1067 2930 accepi?
1090 2854 1149 2910 Aut
1167 2871 1226 2929 qno

129 2951 274 3019 pactores
286 2944 377 3003 tacita
391 2943 459 3002 esti
481 2943 570 3010 Quod
585 2943 611 3002 si
623 2943 703 3002 istud
718 2963 774 3021 ego
788 2943 902 3002 facinus
914 2963 971 3002 non
983 2943 1226 3016 reformidassem,

130 3042 164 3091 tu
183 3054 285 3112 passus
310 3026 400 3106 esses,
429 3035 668 3095 Demosthenes?
700 3034 769 3093 Non
792 3033 1046 3094 vociferationibus
1064 3043 1093 3094 et
1119 3032 1227 3091 clamo-

131 3123 210 3184 ribus
222 3127 316 3185 lorum
331 3127 522 3205 complesses,
536 3143 605 3186 cum
619 3125 734 3184 rideres
754 3144 812 3196 me,
832 3133 865 3182 ut
878 3123 967 3182 modo
981 3123 1090 3192 aiebas,
1106 3141 1124 3180 a
1137 3115 1228 3181 sacris

130 3203 260 3295 legatum
275 3218 437 3296 repellere?
458 3221 601 3278 Accersat
615 3216 684 3275 mihi
700 3215 792 3277 duces
806 3235 914 3296 praeco,
928 3225 959 3274 ct
974 3215 1119 3275 sociorum
1133 3233 1228 3274 asses·

132 3330 227 3383 sores,
242 3324 275 3371 ut
289 3332 389 3372 eornm
398 3311 566 3371 testimonia
577 3309 715 3369 audiatis.

547 3484 824 3562 rrssrnrorrm.¹

132 3619 241 3680 Nonne
251 3619 433 3684 intolerabile
446 3627 501 3688 est,
521 3615 726 3689 Athenienses,
741 3616 766 3676 si
780 3615 844 3694 quis
858 3623 960 3673 contra
970 3609 1112 3671 hominem
1127 3612 1229 3706 civem,

132 3733 192 3772 non
203 3733 299 3784 suum,
312 3713 365 3772 sed
378 3708 602 3772 vestrum—hoc
615 3708 693 3768 enim
707 3709 736 3766 in
750 3707 847 3787 primis
863 3705 1063 3795 distinguo-7,
1077 3713 1159 3766 tanta
1170 3725 1229 3764 non

132 3815 250 3864 veretur
271 3803 425 3866 mendacia
444 3799 634 3880 comminisci,
657 3799 762 3878 qustrua
784 3799 814 3857 in
833 3796 938 3878 capitis
959 3795 1114 3855 discrimen
1137 3795 1229 3856 addu-

132 3893 239 3956 cetur?
260 3895 419 3956 Maximam
442 3892 531 3972 igitur
555 3892 779 3972 appobationem
802 3899 928 3949 meretur
949 3888 973 3947 is
999 3907 1074 3958 mos,
1097 3887 1180 3968 cnjus
1201 3888 1231 3949 in

133 3989 306 4069 capitalibus
335 3989 374 4048 ad
398 3985 564 4046 Palladium
584 3985 681 4046 causis
700 3994 800 4064 patres
825 3980 917 4041 nostri
937 3989 1071 4040 auctores
1091 3977 1230 4039 fuerunt:

132 4101 200 4141 cnm
219 4080 346 4140 victimis
370 4079 515 4150 secandis,
537 4098 588 4138 eos
609 4077 660 4155 qui
681 4073 820 4152 suffragio
843 4073 1006 4152 superiores
1024 4077 1102 4140 sunt,
1120 4071 1231 4166 jurejuj
1286 4117 1289 4126 ,
1316 4124 1319 4132 ,

131 4170 226 4232 raudo
240 4171 554 4252 obstringunt-idque
571 4170 654 4230 uobis
675 4167 762 4228 etiam
784 4184 862 4224 nunc
878 4164 1003 4243 patriam
1025 4172 1162 4220 est-eos
1182 4161 1232 4239 ju-

133 4266 214 4326 dices
227 4287 296 4326 vere
306 4267 444 4345 justeque
461 4263 678 4343 pronunciasse,
692 4260 742 4340 qui
757 4257 923 4335 suffragium
945 4273 998 4332 pro
1013 4273 1045 4312 se
1059 4253 1187 4324 tulerint,
1203 4263 1233 4312 et
1359 4271 1363 4276 ·

133 4358 248 4418 nullum
259 4359 367 4418 dixisse
376 4355 580 4417 mendacium:
602 4353 682 4434 quod
696 4352 725 4410 ni
737 4350 780 4410 ita
793 4351 836 4420 fit,
849 4348 903 4408 sibi
918 4355 949 4404 et
959 4344 1077 4404 familiae
1092 4364 1153 4402 suae
1168 4344 1232 4402 erri-
1345 4421 1347 4424 ι

134 4449 207 4510 tiam
229 4449 441 4529 imprecantur:
458 4446 609 4527 judicibus
627 4456 725 4506 autem
739 4441 849 4524 optima
863 4457 987 4522 quaeque
1006 4445 1037 4496 et
1054 4435 1232 4497 faustissime
