2967 5017
190 838 494 900 ARGUMENTUM
514 837 742 912 ORAi'iONiS
765 839 808 900 IN
830 841 1177 908 CTESiPHONTEMs

132 1006 235 1055 serene
246 1005 303 1055 teuit
313 1007 448 1070 ctesiphon,
458 1013 486 1055 ut
501 1007 671 1056 Demosthenes
687 1007 852 1056 Demosthenis
863 1009 882 1056 i.
899 1009 1042 1059 Peeniensis
1056 1028 1141 1060 eorons
1156 1029 1227 1062 surse

131 1083 265 1140 deseretur,
284 1099 356 1146 esque
372 1085 467 1132 dontio
482 1083 508 1132 iu
523 1087 615 1132 theetro
632 1085 709 1146 psiem
729 1087 795 1132 tieret
809 1086 892 1134 diebus
908 1083 1088 1138 Buooirsnslium
1105 1091 1228 1150 ingundis,

130 1162 325 1223 proptereequod
333 1173 360 1208 ee
372 1177 444 1224 qures
456 1177 481 1209 re
493 1167 571 1209 esseut
582 1161 664 1223 popuii
675 1162 824 1210 sirmiensis
832 1171 856 1211 et
868 1165 946 1212 dioere
954 1166 1060 1214 etisoere
1072 1167 1227 1229 semper'per·

132 1236 226 1286 stiterit.
249 1239 338 1286 Soitum
350 1240 410 1287 iilud
421 1239 545 1287 AEsohiues
556 1245 582 1285 ut
598 1248 679 1286 oontrs
689 1240 755 1300 leges
774 1241 859 1288 iactum
871 1243 894 1288 in
903 1231 1018 1303 judiciuin
1032 1246 1132 1300 rooerit,
1143 1254 1168 1293 et
1183 1245 1229 1294 tris

132 1314 288 1363 mutationis
296 1316 373 1377 ospite
382 1331 470 1363 sumsns
478 1317 575 1376 profert,
585 1328 664 1372 unum,
676 1317 737 1377 quod
748 1315 930 1365 Demosthenem
942 1320 1070 1366 mtioniims
1082 1322 1181 1370 nondum
1191 1337 1229 1370 re·

132 1389 185 1437 istis
199 1406 285 1438 oorone
295 1392 426 1438 donenduru
437 1391 579 1448 decreverit,
595 1407 647 1439 oum
664 1392 717 1452 iege
727 1399 819 1440 oeuturn
832 1393 863 1440 tit
881 1408 909 1440 ne
920 1395 972 1456 quis
983 1397 1131 1455 mugistmtus
1144 1413 1228 1445 oorous

132 1465 259 1513 donsretur
268 1467 403 1528 priusquem
412 1467 654 1526 enumerentur,
665 1475 689 1517 et
700 1469 745 1516 hoo
756 1476 826 1531 oeput
844 1470 873 1517 ed
884 1470 1007 1518 essentium
1020 1487 1096 1518 essere
1111 1473 1228 1533 pertinet:

133 1542 240 1600 sitorum,
251 1544 314 1604 qnod
328 1557 419 1591 eorouoe
428 1545 569 1606 prmoonism
578 1545 602 1591 in
613 1545 703 1594 thestro
715 1545 770 1593 fleri
783 1546 891 1607 jusserit,
902 1561 955 1592 oum
967 1547 1006 1594 lex
1020 1553 1227 1610 retetquemqusru

132 1617 157 1668 iu
167 1620 258 1668 theetro
269 1623 384 1677 ooronsri,
402 1629 426 1668 et
443 1624 487 1669 hoo
506 1622 534 1670 ed
552 1622 690 1684 questionis
710 1623 844 1685 qusiitutem
863 1629 970 1684 spectet:
988 1623 1081 1670 tertium
1099 1630 1124 1670 et
1141 1632 1230 1685 postre-

132 1709 204 1752 mum,
215 1696 276 1757 quod
287 1697 346 1743 isles
360 1697 384 1744 in
400 1697 495 1744 demeto
505 1698 637 1759 soripserit;
655 1714 699 1744 non
711 1699 773 1745 enirn
785 1714 839 1745 esse
854 1700 935 1746 bonum
949 1697 1023 1746 sirum
1040 1699 1231 1760 Demosthenem,

132 1787 207 1835 neque
217 1765 304 1820 oorone
314 1773 417 1834 dignum.
438 1775 492 1821 iioo
503 1789 594 1834 quoque
604 1780 642 1821 est
652 1775 681 1820 ed
692 1773 780 1820 crimen
791 1773 821 1820 de
833 1775 935 1821 deoretis
946 1781 1024 1820 uontre
1038 1773 1103 1836 leges
1115 1775 1182 1822 isotis
1193 1793 1229 1824 re·

132 1849 262 1906 iereodum,
273 1865 325 1899 onus
337 1857 414 1898 exstet
425 1851 464 1898 ies
479 1866 531 1913 quer
542 1851 601 1898 ielse
615 1851 718 1897 seribere
729 1850 853 1912 prohibeat
869 1850 891 1896 in
906 1850 1020 1898 deoretis:
1037 1851 1137 1912 pertinet
1153 1859 1230 1900 sutem

132 1926 162 1973 sd
173 1927 314 1987 qusiitetem.
338 1926 475 1977 Adrerserii
486 1943 542 1975 sero
553 1933 602 1976 trss
613 1926 758 1987 ohjeetiouee
771 1927 892 1988 sntioipet,
905 1943 956 1974 nem
967 1928 996 1974 sd
1006 1927 1104 1988 primum
1116 1935 1185 1990 esput
1196 1929 1231 1976 bi-

131 2001 213 2051 terim
224 2005 375 2068 respondebit
394 2005 570 2063 Demosthenes,
586 2020 612 2051 se
627 2019 673 2051 non
688 2003 762 2052 tuisse
773 2003 797 2050 iu
814 2003 957 2064 magistratu,
976 2019 1019 2051 neo
1036 1989 1153 2052 muroru'nr
1171 2005 1230 2052 reie-

132 2080 232 2128 otionsm
248 2097 300 2129 esse
317 2081 484 2143 megistrstum,
497 2081 539 2128 sed
556 2081 710 2129 ministerium
729 2081 844 2142 quotidem
857 2086 881 2128 et
897 2081 1038 2128 ourstioueur
1047 2097 1055 2140 ;
1075 2089 1099 2128 et
1116 2087 1142 2128 ut
1158 2083 1231 2144 megi-

134 2160 220 2203 stretne
232 2156 271 2212 sit,
280 2165 357 2204 umen
372 2171 423 2203 oum
435 2155 466 2202 de
474 2171 516 2203 suo
528 2155 559 2203 sit
570 2155 668 2216 isrqitus
679 2164 704 2202 et
715 2172 728 2201 e
739 2155 834 2216 publico
852 2155 909 2202 nihii
921 2155 1040 2217 sooeperit
1051 2171 1095 2202 non
1112 2153 1157 2204 sihi
1169 2158 1230 2204 reie-

126 2231 218 2279 seudss
228 2247 281 2280 esse
292 2233 394 2280 rosiones
405 2249 411 2278 τ
427 2240 549 2294 utrumqne
560 2231 661 2293 pertinet
672 2231 701 2279 sd
713 2231 854 2294 qusiitstem.
871 2233 956 2278 contre
966 2232 1010 2278 hoe
1019 2239 1095 2278 sotem
1106 2231 1231 2281 AEeehines

133 2308 288 2369 ooujeoturuie
299 2312 369 2370 ospet
382 2307 489 2369 opponit,
500 2308 606 2369 quemvis
618 2308 643 2356 id
656 2324 702 2356 nun
713 2307 849 2356 ooudrmet:
874 2305 895 2354 si
910 2323 954 2353 nou
969 2307 999 2354 de
1016 2321 1058 2354 ruo
1073 2295 1170 2370 ier'gitus
1185 2316 1231 2380 est)

133 2386 175 2432 sed
185 2386 267 2432 deosm
279 2386 366 2433 tulente
376 2386 405 2431 sd
418 2385 497 2446 operis
508 2392 626 2446 sumptum
636 2385 745 2432 stenetu
754 2383 859 2444 eeuepitz
877 2383 974 2444 respieit
982 2383 1026 2430 hos
1035 2385 1157 2431 essentium
1167 2399 1231 2446 qum·

134 2458 226 2507 stiosis.
243 2460 364 2507 Adversus
381 2460 479 2506 siterum
490 2468 562 2521 osput
572 2476 625 2506 oum
641 2461 810 2507 Demosthenes
821 2459 887 2506 elisur
902 2459 1017 2520 proterret
1033 2459 1109 2521 legens
1122 2475 1175 2522 ques
1190 2476 1232 2508 oo·

133 2549 214 2584 ronsru
224 2535 249 2580 iu
261 2535 351 2580 theutro
362 2533 606 2596 promniqmejuheet,
618 2536 638 2582 si
648 2535 747 2594 jusserit
760 2535 869 2596 popolus,
881 2551 931 2582 eum
943 2534 1066 2584 AEeohines
1076 2551 1121 2584 nou
1132 2537 1161 2584 sd
1174 2537 1232 2585 oiri·

133 2609 511 2670 oes‚sedsdhospitelesoorones
520 2610 771 2670 speotereoontesdit:
789 2610 1064 2658 reierturndessentism.
1088 2613 1229 2661 Adtertium
1324 2619 1328 2629 ¹

133 2687 206 2734 mults
217 2686 350 2748 sinquietim
361 2685 456 2746 reperit.
484 2682 612 2732 Existimet
627 2691 703 2732 eutem
718 2685 898 2732 Demosthenem
917 2685 940 2730 in
954 2692 1053 2745 quatuor
1069 2695 1173 2748 ternpore
1189 2691 1229 2736 de·
1266 2679 1269 2689 ’

132 2762 261 2810 tensionem
272 2776 338 2809 suem
348 2761 460 2822 pertitum
471 2776 532 2817 esse,
541 2759 694 2820 sioqeiesqse
701 2759 806 2806 eotiouee
817 2774 871 2806 sues
883 2759 906 2806 in
915 2775 943 2807 ee
951 2759 1108 2808 distribuisse.
1125 2763 1230 2811 Primum

132 2855 205 2901 porro
219 2847 313 2899 tempus
323 2838 348 2884 id
359 2837 394 2883 eit
408 2837 482 2884 tuisse
493 2850 540 2898 qno
550 2836 635 2882 beilum
647 2834 747 2895 primurn
759 2848 812 2882 oum
828 2835 936 2896 Phiiippo
947 2836 976 2881 de
987 2835 1124 2898 Amphipoli
1140 2845 1230 2898 gestum

133 2917 213 2972 inerit.
224 2915 321 2963 eiterum
333 2914 401 2960 tuot:
410 2913 484 2976 psois,
495 2909 590 2960 tertium
602 2911 698 2958 seouudi
711 2911 766 2958 heiti
776 2917 800 2958 et
810 2911 885 2958 oiedis
893 2911 1062 2968 Gherroueusis,
1073 2921 1180 2974 questum
1189 2915 1231 2962 ds·

132 2995 203 3055 eique
213 3000 305 3054 tempus
320 3005 433 3052 pressus,
446 3005 524 3038 esrum
536 3005 570 3036 so.
581 3003 658 3038 rerum
668 3003 721 3049 ques
731 2985 789 3047 ipsis
801 3003 853 3036 oum
864 2986 997 3038 Aiexendro
1004 2989 1053 3050 J'em
1065 2995 1120 3036 tuuo
1131 2992 1230 3040 interue-

133 3070 227 3118 deheut.
247 3069 326 3116 Primo
337 3068 409 3129 igitur
418 3074 521 3127 tempore
531 3065 596 3129 peois
606 3080 658 3112 eum
668 3065 741 3112 inisse
756 3069 873 3111 suotorem
884 3064 950 3120 dioit,
961 3064 1037 3125 turpis
1047 3073 1072 3112 et
1086 3066 1185 3124 inismis‚
1196 3077 1231 3116 et·

133 3160 180 3208 que
191 3143 309 3193 obstitisse
316 3142 445 3205 quominus
455 3157 506 3190 essu
514 3154 559 3189 uss
568 3157 621 3190 oum
630 3139 744 3190 eommuni
756 3141 890 3190 cumeorum
899 3152 1009 3188 ootsessu
1021 3143 1121 3190 senoiret
1131 3143 1230 3192 oirites:

134 3221 246 3275 seeundo,
256 3223 343 3268 beilum
356 3219 513 3281 Phiiippioum
525 3219 555 3264 eh
566 3233 595 3264 eo
606 3233 659 3265 esse
669 3216 810 3263 oouoitetnm
825 3232 831 3261 r
847 3216 929 3272 tertio,
946 3223 970 3262 et
982 3219 1042 3265 seori
1054 3219 1109 3265 beili
1127 3227 1151 3267 et
1161 3235 1230 3268 ossus

132 3297 333 3360 Amphiseeesium
344 3311 438 3343 oensem
449 3295 532 3350 tuisse,
542 3293 598 3354 quin
606 3300 630 3339 et
640 3291 893 3349 oisdischeronensis,
903 3307 956 3339 oum
964 3293 1122 3354 munisset
1129 3296 1231 3354 oirihns,

136 3381 163 3422 nt
173 3380 284 3434 suseepto
294 3379 375 3418 contre
386 3372 521 3432 Philippum
531 3369 602 3425 heito,
613 3383 666 3415 oum
678 3367 794 3416 ’iheheuis
808 3368 873 3416 souis
882 3383 945 3416 erme
950 3371 1086 3430 jungerent:
1103 3379 1233 3430 postremo,
1290 3377 1291 3380 ’

133 3450 197 3513 quod
216 3448 461 3507 diesendriterspore
478 3461 553 3505 remp.
569 3445 679 3493 deseruit.
709 3445 880 3492 HisshsoIotis
897 3453 968 3493 totum
982 3447 1146 3495 Demosthenis
1158 3449 1229 3498 ritem
1318 3494 1323 3509 ,

133 3524 277 3576 mimiuetur,
283 3522 308 3570 in
315 3522 398 3584 pesnis
410 3521 480 3569 etism
491 3529 516 3571 et
527 3520 696 3582 ctesiphontis,
707 3521 748 3568 uhi
759 3522 862 3582 postulet
873 3527 899 3568 nt
911 3537 952 3583 pro
963 3537 989 3570 se
998 3522 1049 3584 ipse
1057 3535 1150 3578 ostssm
1158 3523 1230 3576 diost.

166 3601 199 3648 lit
206 3598 285 3660 espite
294 3598 388 3660 quidem
400 3597 449 3644 hmo
457 3605 523 3644 sunt:
539 3595 629 3659 Judieio
638 3603 715 3646 temon
727 3597 785 3646 risit
796 3597 972 3644 Demosthenes.

165 3676 300 3726 AEsohiuem
311 3675 407 3736 quidem
412 3674 507 3735 enlpsnt
517 3673 629 3732 nonnulii,
640 3675 701 3735 qnod
712 3674 803 3722 orimini
814 3675 844 3720 de
855 3673 955 3720 deoretis
965 3673 1058 3736 iegibus
1069 3676 1173 3724 sdrersie
1184 3691 1230 3724 nou

132 3743 205 3802 iueiit
214 3750 361 3808 immoretur,
373 3752 414 3798 sed
426 3759 450 3798 et
462 3759 514 3796 sote
526 3751 690 3797 Demosthenis
702 3750 836 3812 es'eqiterit
848 3763 898 3796 oum
911 3747 933 3796 is
950 3765 1024 3813 remp.
1037 3753 1147 3814 praeiere
1158 3751 1231 3802 tdmi·

134 3830 265 3876 eistrssset.
279 3827 337 3888 ,nto
352 3835 429 3874 teneo
440 3834 521 3887 ooutrs
532 3827 575 3874 huo
586 3826 610 3872 iu
619 3841 647 3872 se
656 3827 757 3874 menime
769 3825 858 3881 nititur,
876 3833 1025 3887 superest
1043 3827 1126 3884 mihi,
1147 3829 1232 3890 iuquit,

133 3919 203 3967 pers
233 3902 461 3959 eeousetionis,
488 3901 519 3951 in
546 3917 602 3964 qee
622 3903 787 3964 piissimum
814 3901 908 3948 studii
933 3902 1072 3950 ooiioeo:
1100 3921 1132 3952 es
1158 3921 1231 3952 roro

133 3990 182 4032 est
201 3997 305 4037 oense,
326 3996 380 4028 sur
405 3981 494 4028 iilum
521 3966 676 4041 Ctesipho
697 3994 811 4027 oorone
840 3979 958 4025 dorsu-d
968 3994 1009 4026 um
1032 3988 1147 4027 oenset.
1187 3982 1230 4028 Vi·

134 4061 206 4108 desut
215 4064 292 4106 eutem
309 4057 351 4105 isti
362 4072 391 4104 en
401 4073 446 4105 non
457 4055 589 4104 restissime
599 4056 631 4103 eit
640 4057 737 4104 teotnm.
760 4055 819 4104 cun
830 4054 891 4102 euim
902 4068 985 4116 meque
995 4056 1058 4116 epod
1075 4070 1155 4104 omues
1167 4064 1231 4105 esset

133 4133 301 4183 Demosthenis
317 4133 443 4180 euotorites
454 4141 523 4194 etque
534 4131 687 4190 existimetio,
698 4138 724 4179 ut
734 4131 775 4194 qui
786 4131 975 4193 splendidissime
986 4146 1060 4193 remp.
1073 4131 1231 4182 sdmiuistrss·

134 4217 181 4268 set,
191 4227 237 4259 uon
247 4208 334 4276 injurie
343 4209 436 4271 poterit
451 4210 630 4272 disputetionem
640 4211 671 4258 de
686 4209 788 4256 deoretis
803 4207 895 4256 iilioitis
911 4207 1019 4270 trigidum
1029 4209 1080 4256 iore
1097 4217 1121 4257 st
1131 4209 1231 4272 iueusur,

133 4290 180 4338 sisi
188 4290 325 4338 sestrsrien
335 4287 468 4350 opinionem
479 4287 625 4338 uditorihue
635 4287 759 4344 insueret,
770 4287 951 4336 Demosthenem
962 4287 1079 4336 rusiesoio
1088 4303 1145 4340 sess
1153 4289 1178 4340 iu
1187 4307 1230 4354 po·

133 4367 217 4430 pden
224 4365 302 4414 misso
312 4373 338 4414 st
353 4364 379 4413 is
388 4363 460 4414 sshes
473 4364 576 4428 pdsiioie
591 4371 684 4426 turpem
694 4379 721 4412 se
736 4371 762 4410 et
779 4363 959 4426 reprehensione
973 4364 1070 4426 ἅμα
1088 4368 1229 4417 ostendisse.

135 4443 253 4508 Qseeiree
262 4439 287 4492 ie
294 4441 353 4492 teeo
364 4442 518 4492 eoumtiosis
528 4450 618 4504 pestem
630 4456 719 4490 summo
729 4440 807 4492 studio
817 4441 929 4498 inouhuit,
940 4449 966 4495 et
974 4442 1000 4492 iu
1014 4457 1043 4490 ee
1052 4443 1182 4496 dinisius
1193 4451 1230 4496 eet
