2967 5017
404 298 622 361 ADVERSUS
644 299 952 361 NICOSTRATUM.
1164 302 1224 363 715

126 452 356 515 mundationis
376 473 413 515 ex
432 454 498 535 lege
516 454 718 535 postulabam:
750 455 776 513 is
796 466 897 515 autem
912 464 1004 515 noctu
1026 454 1175 534 ingressus
1194 458 1225 515 in

126 566 228 627 agrurn
242 560 352 621 meum,
367 556 512 627 quotquot
524 556 609 608 erant
626 546 734 609 surculi
757 546 908 607 arboribus
922 548 1057 627 generosi
1071 546 1179 621 inserti,
1192 556 1224 609 et

125 640 299 701 abunculas
322 641 465 711 exsecuit,
481 650 511 701 et
534 639 677 719 plantaria
699 638 828 700 olearum
848 640 949 701 obiens
970 640 1013 699 ita
1031 639 1134 700 misere
1153 660 1223 700 con-

122 730 223 811 fregit,
245 742 279 795 ut
302 750 357 794 nec
380 734 418 793 ab
441 732 575 793 hostibus
595 742 786 795 vastarentur.
826 731 876 791 Ad
899 732 964 793 bec
982 732 1085 804 etiam,
1098 732 1224 793 interdiu

121 824 247 903 puerdo
258 826 330 889 cire.
335 825 502 887 intromisso
515 845 584 889 cum
596 834 627 885 et
639 824 724 889 ricini
738 835 840 885 essent
853 837 884 883 at
894 823 1036 903 praedium
1049 824 1222 903 contiguum

120 916 277 991 baberent,
298 930 430 981 rosetum
452 919 619 999 germinans
638 936 705 977 eurn
725 916 849 978 evellere
864 917 1027 997 jusserunt,
1039 926 1083 989 ut,
1103 918 1129 980 si
1152 937 1222 978 aum

120 1010 337 1090 deprehensum
350 1032 407 1092 ego
419 1012 467 1075 rel
475 1011 612 1073 vincirem
622 1010 670 1072 vel
678 1011 859 1075 verberarem
868 1020 903 1071 ut
914 1030 1040 1085 serrum,
1051 1010 1221 1086 injtrriarum

119 1104 271 1164 actionem
283 1114 389 1166 contm
399 1124 447 1165 me
461 1104 655 1166 instituerent
696 1105 765 1169 Quo
780 1103 908 1164 'consilio
922 1124 990 1165 cum
1003 1104 1221 1177 frustrarentur,

119 1204 156 1257 et
169 1214 227 1275 ego
244 1196 403 1259 facinorum
415 1198 532 1258 illorum
549 1206 638 1257 testes
658 1196 794 1269 facerem,
807 1196 870 1276 ipse
883 1207 982 1257 autern
996 1197 1067 1256 nihil
1085 1217 1157 1278 erga
1169 1216 1220 1259 eos

119 1286 333 1368 delinquerem,
346 1300 409 1349 tum
428 1308 498 1351 vero
518 1290 659 1351 maximas
674 1288 794 1349 insidias
813 1289 884 1349 mihi
897 1300 1076 1370 comparant.
1118 1292 1220 1356 Quum

117 1380 200 1443 enim
213 1382 297 1443 falsae
309 1380 538 1443 renunciationis
557 1382 587 1441 in
606 1400 673 1441 eum
687 1380 832 1443 actionem
840 1383 904 1461 jam
924 1381 1116 1445 instituissem
1135 1393 1168 1443 et
1188 1384 1219 1444 in

111 1472 262 1555 judicium
275 1477 462 1555 ingressurus
481 1494 589 1549 essem,
608 1475 764 1549 observato
783 1494 833 1535 rne
852 1494 891 1535 ax
907 1473 1023 1537 Piraeeo
1036 1474 1219 1555 digrediente

114 1586 188 1628 sero
200 1568 279 1629 cuca
291 1566 473 1648 lapicidinas,
488 1577 519 1629 et
536 1568 643 1647 pugnis
661 1568 734 1646 petit
747 1577 778 1627 et
790 1567 920 1627 medium
939 1568 1049 1647 arripit,
1061 1586 1166 1645 meque
1186 1566 1217 1627 io

111 1658 296 1739 lapicidinas
317 1657 481 1735 dejecisset,
499 1659 555 1719 uisi
576 1658 695 1738 quidam
715 1658 852 1729 viatores,
867 1658 966 1719 audito
989 1658 1118 1718 clamore
1139 1676 1218 1733 meo,

109 1749 453 1831 suppetiasvenissent'
465 1749 581 1811 Diebus
593 1768 653 1810 nou
666 1749 764 1809 multis
777 1759 856 1829 post,
868 1750 1019 1828 ingressus
1033 1750 1064 1809 in
1071 1748 1218 1828 judicium

109 1843 154 1905 ad
171 1842 250 1903 diem
262 1840 447 1921 profluitam,
465 1852 496 1903 et
508 1860 544 1903 eo
557 1840 641 1917 falsa
659 1840 806 1915 citationis
819 1841 965 1914 convicto,
982 1840 1131 1901 bominem
1148 1861 1217 1906 cum

111 1937 243 1999 alionum
263 1934 406 1997 scelerum
430 1954 498 2014 qum
524 1935 647 2015 exposui
668 1952 750 1993 reum
773 1932 889 2013 peregi:
920 1944 984 1993 tum
1011 1932 1042 1993 in
1059 1934 1217 2013 irroganda

112 2028 243 2099 mulcta,
257 2046 337 2087 cum.
350 2044 419 2087 eum
433 2026 549 2103 judices
573 2025 678 2105 cepitis
696 2024 865 2097 ¹damnaturi
878 2034 998 2094 essent.
1008 2035 1147 2105 precatus
1164 2044 1216 2087 eos

112 2140 175 2202 ego
188 2138 265 2193 sum,
279 2118 390 2191 uetula
403 2119 474 2198 quid
487 2138 554 2181 mea
573 2138 664 2180 causa
681 2119 822 2195 facerent,
834 2116 888 2180 sed
904 2128 940 2177 ut
956 2117 1216 2197 talentumquanti

110 2214 173 2295 ipsi
196 2213 277 2275 hum
296 2212 482 2273 estimabant
501 2212 696 2281 admitterent.
712 2230 773 2281 non
786 2218 820 2271 ut
832 2209 1217 2273 neArethnsiusoccidere·

112 2316 328 2370 tar-mortem
338 2306 415 2367 enim
428 2306 489 2367 ruis
500 2306 531 2367 in
540 2324 588 2367 me
601 2302 760 2367 sceleribus
770 2305 1095 2376 commeruerat-,sed
1105 2325 1142 2364 ne
1155 2324 1215 2385 ego

113 2398 252 2460 Potionis
269 2398 358 2471 lilius,
377 2408 465 2461 etex
484 2397 604 2457 decreto
618 2396 701 2469 ciria,
719 2414 894 2477 quemquam
907 2393 1116 2457 Atheniensem
1135 2396 1216 2457 occi·

113 2494 226 2557 desem
268 2493 345 2555 Haec
358 2492 456 2553 omnia
464 2512 531 2555 vere
545 2512 564 2553 a
576 2511 623 2551 me
637 2491 705 2564 dici,
718 2510 757 2551 ex
768 2490 894 2551 testibus
907 2490 1043 2570 audietis.

581 2691 744 2751 TESTES.

153 2842 184 2903 6.
199 2840 315 2910 Quibus
328 2838 424 2920 {igitur
443 2836 553 2919 injuriis
574 2836 611 2897 ab
630 2834 671 2895 eia
691 2832 825 2906 affectus,
837 2833 971 2908 ludices,
985 2831 1211 2925 descriptionem

114 2932 233 3011 fecerim
247 2932 368 3013 exposui
380 2930 480 2992 vobis:
503 2950 568 2991 esse
586 2940 684 2989 autom
707 2926 858 2987 Arethusii
882 2927 1027 3007 mancipia
1043 2927 1109 2999 ista,
1128 2939 1159 2988 et
1179 2930 1210 2988 in

114 3032 173 3105 ejus
187 3024 376 3087 facultatibus
391 3043 456 3083 esse
470 3043 536 3102 quse
550 3042 606 3101 ego
621 3019 772 3100 descripsi,
786 3017 870 3079 vobis
880 3018 1096 3079 demonstrabo.
1138 3018 1210 3079 Cer·

115 3120 221 3181 donem
235 3118 312 3179 enirn
332 3119 369 3178 ab
392 3115 576 3179 incunabulis
597 3110 750 3181 educarit;
772 3121 861 3191 atque
879 3131 946 3171 eum
959 3110 1049 3172 luisse
1063 3111 1214 3173 Arethusii

115 3224 147 3275 ut
158 3223 287 3286 constet,
300 3231 350 3273 eos
364 3210 414 3295 qui
427 3219 533 3271 norunt
546 3218 636 3269 testea
650 3205 734 3267 robis
749 3204 920 3286 producam.

578 3436 741 3498 uastas.

114 3598 202 3680 Apud
211 3617 406 3681 quoscunque
415 3614 500 3678 porro
513 3595 584 3657 lecit
592 3612 677 3674 opus,
686 3590 840 3653 mercedes
850 3590 1001 3670 accepisse
1010 3588 1211 3661 Arethusium,

114 3694 202 3773 etjus
223 3704 287 3754 turn
311 3692 427 3755 dedisse
449 3700 511 3751 tum
530 3686 692 3767 accepisse,
707 3683 733 3745 si
755 3684 827 3765 quid
841 3681 1023 3761 deliquisset,
1041 3694 1076 3740 ur
1094 3680 1207 3751 herum,

113 3804 211 3847 earnm
222 3806 321 3849 rerum
335 3804 443 3865 guaros
455 3782 538 3846 vobis
550 3791 641 3843 testes
651 3777 810 3839 exhibebo.

562 3950 734 4058 nasone.
800 4021 803 4029 ·

114 4154 233 4223 Manem
245 4168 354 4233 autem,
364 4168 467 4223 mutua
479 4156 605 4239 pecunia
616 4153 807 4236 Arcbspolidi
821 4150 961 4213 Piraeensi
972 4149 1054 4220 data,
1068 4166 1137 4209 cum
1150 4150 1207 4209 Ar·
1288 4192 1293 4199 .

113 4248 244 4332 rhepolis¹
256 4270 359 4332 nequo
377 4270 495 4311 usuram
516 4268 610 4330 neque
631 4258 739 4310 sortem
763 4262 879 4307 ornnem
902 4240 1024 4303 reddere
1041 4250 1154 4319 posset,
1172 4242 1205 4301 in

113 4344 335 4407 estimationem
356 4344 479 4426 accepit.
521 4342 569 4416 Et,
593 4351 627 4403 ut
650 4357 786 4405 serame
809 4336 906 4403 dicere
927 4344 1078 4418 appareat,
1099 4332 1203 4394 borum

115 4437 193 4500 robis
206 4447 298 4503 testes
314 4438 484 4520 producam.
