2967 5017
284 673 587 738 ARGUMENTUM
611 673 1007 830 anssngfflwms
1028 675 1074 738 IN
1095 673 1362 740 meinherum

304 949 366 998 corr
383 947 541 1011 Apollodoro·
556 947 719 998 Phormionem
731 955 861 1005 maret.
873 949 904 998 de
916 964 1002 998 nonore
1018 947 1126 1012 nonenim
1140 947 1209 1010 irone
1222 947 1309 996 nedoni
1324 962 1371 998 en·

271 1025 401 1087 neptinnem
413 1031 549 1086 opponeret.
560 1025 692 1088 Stephnnno
709 1041 762 1074 onrn
778 1025 831 1074 niiir
845 1041 889 1088 pro
906 1026 1041 1075 teotinronin
1050 1025 1121 1082 dixit,
1130 1024 1294 1074 Phormionem
1309 1042 1370 1075 oon·

271 1102 383 1152 ditionem
400 1101 485 1150 tuliore
502 1101 691 1164 Apniiodnro‚ri
708 1109 805 1166 negnrot
821 1103 955 1164 exemplum
975 1118 1026 1151 oron
1045 1101 1176 1150 tortnmonti
1193 1101 1285 1163 pauni
1301 1105 1368 1164 qnod

272 1179 368 1226 hnhnret
382 1177 501 1235 Phormio,
520 1195 546 1229 re
563 1180 722 1228 exhibitorum
739 1186 898 1230 mtnmnntnm
915 1179 990 1241 innino
1006 1177 1113 1227 Porionir
1127 1177 1288 1240 aperiendum,
1300 1179 1367 1240 qnod

271 1255 367 1302 hnhorot
385 1260 409 1303 nt
427 1253 548 1302 exhiheret
565 1255 694 1320 Amphion:
717 1256 887 1320 Apollodorum
903 1262 981 1304 notem
997 1254 1089 1318 operire
1108 1253 1220 1303 noinione.
1258 1253 1288 1301 id
1304 1269 1367 1303 vero

270 1330 345 1380 frtri·
365 1329 497 1392 oxnnium
515 1331 648 1380 momenti
668 1332 785 1382 Paionir.
826 1335 882 1383 Eoo
900 1332 1058 1382 ruri-uim
1078 1331 1142 1381 dixit
1157 1329 1288 1392 suntne·
1308 1346 1366 1380 on

271 1407 333 1458 atr:
353 1421 407 1457 ou
427 1413 503 1456 notem
519 1408 678 1472 noeriorum
699 1417 781 1460 onon·
796 1411 960 1460 Phormionem
978 1409 1139 1466 diomeden·
1157 1407 1184 1454 id
1200 1413 1366 1456 ικιιιιιιιι

271 1483 418 1540 mindun.
429 1490 546 1548 nunqu
563 1500 614 1534 rom
630 1500 683 1534 erre
697 1487 887 1544 commentitiam,
898 1486 992 1552 jodieio
1002 1483 1254 1551 riemrnpollrdenne,
1263 1483 1366 1547 Stepho-

271 1568 324 1612 nhm
335 1563 365 1612 de
375 1577 404 1610 oo
414 1563 556 1622 tertinrorrio¹
566 1571 673 1626 tnnqnnrn
684 1562 754 1622 inito,
763 1569 863 1612 nonunt.

540 2043 1088 2129 DEMOSTHENIS

451 2281 510 2358 ΙΝ
543 2281 907 2358 STEPHANUM
940 2281 1171 2358 TESTEM

619 2505 803 2572 ORATIO
827 2505 990 2572 PRIOR

308 2691 335 2750 l.
349 2687 455 2750 Ferro
469 2691 634 2752 testimonio
646 2692 871 2765 circumventus,
884 2691 906 2752 J
908 2690 1019 2763 udices,
1037 2699 1100 2750 eto
1118 2689 1292 2752 Phormione
1307 2692 1357 2752 in-

258 2782 344 2862 juriin
357 2802 393 2845 no
405 2785 587 2846 contumeliis
604 2785 736 2860 effectur,
751 2785 857 2846 odeum
879 2804 935 2864 ope
953 2794 1052 2844 vestm
1063 2802 1166 2862 poenne
1185 2793 1356 2863 sumpturus

262 2875 301 2936 de
314 2875 349 2936 iir
361 2878 411 2958 qui
424 2897 525 2940 eorum
537 2899 632 2940 rerum
644 2897 735 2941 correo
746 2879 815 2937 mihi
826 2879 954 2937 fuerunt.
977 2876 1064 2954 Rogo
1074 2885 1171 2935 eutem
1181 2895 1357 2953 insomnes,

260 2985 314 3029 oro
328 2979 360 3030 et
372 2971 513 3044 obtestor,
523 2973 647 3051 primunr
660 2980 695 3030 ut
706 2989 753 3029 me
762 2987 832 3028 oum
842 2967 1045 3030 benevolentior
1054 2967 1199 3036 audierim
1214 2988 1356 3048 mognnm

262 3061 338 3121 enim
349 3063 536 3136 calamitosis,
549 3063 642 3142 qualis
655 3081 713 3141 ego
727 3079 804 3133 eum,
816 3059 953 3120 noletinm
967 3069 1014 3121 ert
1027 3061 1110 3140 queri
1123 3080 1210 3142 poste
1221 3061 1355 3142 injurios,

261 3163 292 3212 et
303 3172 322 3213 e
332 3155 415 3215 nobie
428 3157 582 3236 impetrare
595 3165 628 3216 ut
646 3153 774 3234 henigne
787 3153 951 3214 audiantur.
991 3153 1118 3228 Deinde,
1132 3155 1157 3215 ei
1169 3154 1293 3218 offectue
1306 3158 1354 3218 in·

257 3243 336 3321 juria
355 3247 485 3321 videbor,
497 3258 531 3308 ut
543 3267 597 3328 pro
606 3249 672 3329 jure
687 3267 753 3307 meo
766 3268 812 3308 me
821 3246 939 3326 juretis.
981 3246 1143 3308 Ostendam
1158 3257 1255 3309 eutem
1268 3251 1355 3313 vobis

261 3335 442 3417 Stephanum
457 3350 488 3401 et
499 3340 576 3401 talea
588 3361 652 3402 eme
665 3351 806 3402 tentatum
818 3349 851 3400 et
863 3339 893 3400 id
911 3339 1003 3419 turpis
1017 3339 1115 3400 lucelli
1136 3341 1294 3420 cupiditate
1307 3345 1354 3404 in-

260 3428 379 3490 ductum
393 3431 509 3506 fecitne,
522 3446 552 3494 et
564 3435 659 3514 ipsum
673 3455 691 3494 e
705 3455 771 3495 sere
780 3433 933 3495 accusari:
952 3443 1034 3493 tonte
1045 3443 1090 3494 est
1100 3433 1140 3492 rei
1150 3434 1353 3515 perspicuitas.

261 3519 348 3581 Dnbo
370 3533 468 3584 nutem
490 3544 607 3605 operam
630 3535 663 3586 ut
682 3525 775 3599 vobis,
793 3545 882 3605 quam
905 3536 1005 3604 potero
1024 3525 1218 3605 paucissimis,
1238 3548 1354 3593 narrem

257 3615 397 3695 quioquid
409 3616 535 3697 eginum
548 3618 739 3680 Phormione:
755 3617 1352 3768 quibusenditis,etiiiiueimprobitetem,

259 3715 290 3766 et
302 3707 424 3769 intorrrnr
438 3709 590 3771 mendacin
599 3710 794 3790 cognoscetis.

298 3803 328 3861 2.
351 3801 437 3873 Mihi,
451 3802 573 3862 iudicor
575 3821 705 3883 ,magno
722 3802 848 3883 pecunie
861 3801 962 3862 relicto
974 3799 1029 3860 trit
1043 3812 1166 3882 epatre,
1181 3824 1352 3883 quemoum

258 3888 395 3955 Phormio
414 3895 546 3972 haberer,
565 3894 652 3956 etiam
670 3913 788 3954 uxorem
805 3903 925 3955 matrem
938 3913 1033 3954 meam
1048 3895 1142 3970 duxit,
1156 3917 1204 3958 me
1217 3900 1353 3974 absente,

258 3985 372 4061 publice
393 3999 489 4050 ventre
510 4005 602 4047 oeusn
622 3987 730 4047 triremi
751 3989 998 4068 proefeoto,-quo
1016 3997 1113 4047 nutem
1127 4000 1225 4070 pacto,
1247 4011 1351 4070 pnrrrm

258 4077 381 4141 fortune
398 4083 503 4164 dehent
520 4081 611 4142 filium
625 4080 663 4142 de
681 4091 775 4142 matre
793 4095 929 4144 accurate
942 4081 1092 4155 dicere-,
1100 4083 1132 4143 id
1144 4104 1201 4163 ego
1215 4104 1350 4149 reverens

257 4177 414 4247 postquem
434 4155 635 4252 Animadverti,
657 4181 688 4232 et
704 4193 765 4233 rem
783 4184 817 4232 nt
830 4185 915 4252 geete
933 4185 997 4235 eret
1009 4174 1077 4247 ridi,
1091 4176 1148 4236 etei
1169 4176 1352 4238 multomin-

257 4260 398 4339 dignebnr
411 4275 441 4324 et
453 4287 513 4326 rem
527 4266 654 4347 graviter
667 4266 806 4338 ferebam,
824 4267 937 4344 privato
954 4278 1054 4328 temen
1066 4287 1134 4328 eum
1151 4289 1291 4332 nccrreere
1299 4272 1352 4353 jn·

256 4351 333 4414 dicio
346 4373 405 4415 non
417 4355 679 4439 p'otui--judioium
692 4360 770 4420 enim
788 4379 825 4420 eo
845 4370 975 4441 tempore
994 4359 1138 4422 indictum
1151 4373 1224 4437 eret,
1237 4383 1352 4445 noeque

250 4445 361 4526 judicie
373 4457 490 4530 propter
501 4449 612 4512 bollum
625 4450 853 4528 diffembotir-,
866 4452 920 4514 red
935 4451 1079 4515 notionem
1092 4455 1276 4518 contumelio
1293 4477 1351 4538 pn·
