2967 5017
414 327 628 390 ADVERSUS
648 329 922 392 LEOCHAREM.
1150 331 1207 392 631

127 493 217 558 qaum
229 487 286 552 est,
299 497 389 560 quum
403 491 587 546 sacramanto
598 482 781 548 contenderit
792 481 1006 546 dabsrreditats
1018 480 1213 563 spndpneto·

127 589 197 642 ram,
210 571 296 650 quasi
308 582 386 634 esset
400 573 556 636 Arabiadoe
569 575 645 636 iilius
664 577 847 658 Otrynensis,
867 575 1038 636 leosuatns
1054 573 1108 634 iste
1122 573 1213 632 Eleu·

127 661 236 725 sinius:
251 665 410 730 aliudesse
423 677 629 742 contestatum,
638 679 673 732 ut
685 670 741 751 ipsi
754 670 882 745 cernitis,
894 668 1031 742 dicendo,
1045 678 1078 728 et
1088 667 1213 731 alterum

126 753 213 816 istum
226 775 291 816 esse
303 758 457 820 Archiade
479 761 595 822 filiumi
624 761 689 822 Utri
704 775 844 835 vestrum,
863 750 898 822 ut
919 781 988 822 vera
1007 759 1125 833 dicenti,
1137 758 1212 819 fides

127 855 172 906 est
180 846 338 908 habenda?
368 850 499 930 idipsum
512 854 589 914 enim
599 865 801 932 argumentum
814 874 873 915 non
885 852 1034 914 minmium
1048 860 1096 912 est
1106 849 1213 910 falsam

127 936 217 998 fuisse
229 943 481 1017 contemtionem,
494 945 576 1023 quod
590 945 693 1006 mem
714 947 751 1007 de
772 966 804 1007 re
821 945 973 1008 nunidem
985 941 1213 1008 conuoversiam

124 1027 207 1090 iacit.
247 1031 352 1112 Neque
363 1035 477 1116 injuria.
519 1037 597 1096 Nam
607 1055 673 1096 cum
684 1037 858 1098 Leostratus
868 1046 1050 1099 sacramento
1061 1036 1216 1096 nobbcnm

127 1115 167 1180 dc
189 1120 355 1186 haereditate
376 1127 577 1199 contenderet,
591 1126 719 1187 nondum
740 1139 923 1190 contestatus
942 1131 1056 1196 iuerat:
1077 1147 1157 1188 nnnc
1169 1127 1215 1186 in·

127 1211 252 1294 scriptus
269 1225 315 1276 est
333 1225 367 1276 ut
384 1216 547 1297 municeps.
588 1219 686 1286 Quare
708 1221 838 1280 omnium
857 1220 1008 1282 hominnm
1027 1217 1216 1280 infelicissimi

126 1305 244 1382 erimus,
258 1309 282 1367 si
295 1309 500 1370 contestationi
512 1319 581 1390 post
593 1329 653 1370 rem
665 1311 753 1372 factm
764 1312 854 1378 fidam
867 1313 993 1374 babituri
1011 1311 1094 1373 estis.

169 1401 216 1461 19.
237 1400 317 1468 Quin
331 1400 493 1480 antiquiora
512 1402 607 1482 seipso
625 1413 809 1466 contestatus
822 1415 887 1466 est:
907 1405 933 1466 is
948 1403 1024 1466 enim
1044 1403 1096 1484 qui
1115 1403 1146 1464 in
1157 1403 1215 1463 Ar·

127 1489 239 1552 cbiadte
257 1492 366 1553 familia
383 1493 513 1554 nondum
533 1494 599 1569 suit,
613 1514 681 1556 cum
702 1496 779 1557 ectio
798 1495 863 1558 hac
884 1497 922 1558 de
944 1497 1115 1558 hereditate
1133 1494 1215 1556 insti-

127 1591 266 1656 tueretur,
278 1585 329 1663 qui
348 1584 451 1646 horum
475 1585 585 1666 aliquid
605 1585 678 1646 scire
697 1588 814 1666 potesti
849 1587 978 1660 Deinde,
998 1588 1024 1648 si
1048 1587 1154 1666 injuste
1177 1585 1216 1646 de

124 1677 282 1756 semetipso
299 1687 477 1738 contestatus
488 1689 576 1751 esset,
586 1679 728 1738 rationem
740 1681 861 1740 baberet
873 1679 938 1759 ipsa
956 1698 1014 1751 ras,
1026 1678 1134 1756 injuste
1152 1678 1217 1755 qni·

119 1767 196 1826 ,dem
218 1768 392 1847 scripsisset,
405 1770 459 1830 sed
472 1769 658 1830 nihilominus
672 1790 725 1850 pro
738 1782 776 1830 eo
785 1771 837 1849 qui
856 1791 910 1850 pro
927 1778 1013 1830 atate
1030 1768 1215 1847 loqueretur:

121 1877 207 1917 nunc
249 1879 452 1937 germanos
497 1859 650 1922 liberos
694 1861 901 1924 Archiadar
940 1860 1061 1922 illius
1101 1861 1217 1940 scripsit

125 1967 227 2022 esse,
247 1962 358 2030 patrem
372 1971 457 2014 suum
474 1951 607 2014 nimirum
628 1964 659 2014 et
679 1974 711 2014 se
732 1956 844 2016 ratione
856 1955 956 2034 primae
968 1953 1143 2034 adoptionis,
1155 1975 1216 2014 non

126 2041 297 2104 recordatus
311 2064 375 2106 sese
385 2063 516 2106 revemos
530 2064 595 2106 esse
605 2045 635 2105 in
647 2045 776 2108 nativam
786 2047 935 2106 familiam.
960 2045 1086 2106 Proinde
1094 2065 1216 2108 necem

127 2146 171 2198 est
192 2136 371 2216 antiquiores
391 2158 458 2200 cnm
471 2158 528 2213 res,
546 2135 641 2218 nsque
662 2139 721 2200 suis
742 2139 919 2220 temporibus
934 2139 1038 2210 iactas,
1060 2157 1127 2200 csse
1143 2157 1216 2203 oon·

128 2237 277 2291 testatum.
319 2230 358 2291 Et
369 2249 423 2291 vos
436 2229 464 2290 ei
476 2230 526 2310 qui
539 2229 596 2292 hoc
608 2251 697 2292 ausus
709 2241 757 2292 est
768 2231 887 2293 creditis
899 2241 933 2292 ut
943 2250 1012 2292 vers
1023 2228 1154 2291 dicentii

168 2324 217 2382 20.
231 2323 282 2397 At,
293 2323 436 2398 Hercule,
450 2322 488 2384 dc
502 2343 533 2385 re
547 2344 564 2384 a
578 2344 632 2385 suo
645 2333 727 2404 patre
741 2323 843 2386 audita
855 2333 1036 2386 contestatus
1049 2332 1115 2384 est:
1134 2322 1215 2402 atqui
1275 2369 1278 2381 .

126 2412 175 2476 lex
186 2424 266 2476 vetat
278 2434 314 2475 ea
327 2435 394 2495 ques
408 2436 426 2476 e
439 2416 553 2478 vivente
574 2417 674 2478 audita
691 2417 761 2491 sint,
774 2437 827 2497 pro
844 2415 1009 2477 testimonio
1027 2415 1135 2489 dicere,
1146 2433 1215 2494 quas

126 2505 296 2568 edeiunctc
314 2527 350 2568 ca
369 2508 447 2570 sinit.
488 2507 567 2570 Nam
588 2509 661 2569 iliud
680 2509 767 2570 etiam
785 2509 924 2588 cogitate,
939 2529 991 2570 cur
1005 2507 1123 2569 tandem
1140 2506 1215 2568 Leo·

125 2607 236 2664 str'atns
249 2620 309 2661 non
321 2619 394 2672 sese,
408 2601 461 2661 sed
475 2601 572 2673 istum,
582 2600 761 2680 inscripserit
773 2601 980 2662 contestationi
988 2599 1110 2666 i-nam
1120 2598 1159 2658 de
1168 2618 1215 2658 re·

127 2694 181 2752 bus
214 2692 420 2772 antiquioribus
443 2703 515 2755 natu
541 2693 679 2773 majorem
704 2693 861 2753 contestari
886 2692 1159 2773 oportebat-quod
1189 2690 1215 2750 si

125 2785 252 2846 manime
266 2785 390 2846 dixerit:
410 2785 488 2845 hunc
501 2785 590 2844 fliium
604 2783 757 2844 Archiadoe
769 2784 916 2862 adoptavi.
958 2783 1085 2844 Proinde
1102 2792 1143 2855 te,
1163 2802 1214 2862 ga-

123 2887 232 2938 storem
246 2887 278 2938 et
291 2887 435 2938 auctorem
446 2895 553 2948 rerum,
565 2875 723 2934 earundem
737 2875 825 2934 etiam
837 2875 979 2934 rationem
993 2873 1115 2934 reddere
1128 2891 1215 2952 opor·

126 2973 217 3043 tebat,
230 2981 262 3032 et
273 2990 339 3051 que
359 2989 461 3050 egeras
474 2981 525 3029 tuo
545 2967 642 3047 egisse
655 2968 793 3047 periculo,
807 2965 925 3028 omnino
936 2975 1015 3026 certe
1027 2983 1150 3026 necesse
1159 2974 1215 3026 est.

124 3063 188 3124 Sed
209 3074 240 3124 et
258 3063 316 3124 boc
337 3061 449 3142 fugisti,
467 3069 498 3122 et
510 3061 711 3122 contestationi
730 3060 816 3120 istum
829 3050 926 3120 rerum
939 3058 1068 3119 omnium
1081 3057 1216 3136 ignarum

122 3155 310 3234 inscripsisti.
334 3153 461 3215 Proinde
474 3151 657 3232 perspicuum
670 3152 753 3212 vobis
766 3161 821 3224 est,
830 3151 962 3226 Judiess,
975 3149 1218 3211 contestationem

126 3265 188 3308 nou
201 3267 267 3308 esse
281 3265 389 3323 veram,
403 3245 493 3324 idque
512 3244 561 3306 isti
580 3243 633 3324 ipsi
652 3244 834 3306 confiteatur.
876 3243 955 3312 Quin
973 3253 1004 3304 et
1021 3241 1094 3303 iliud
1102 3241 1218 3321 justum

127 3351 183 3414 est,
203 3359 262 3402 non
278 3339 340 3419 pati
351 3337 537 3400 Leostratum
552 3356 619 3398 mox
632 3336 740 3410 dicere,
761 3357 829 3417 quae
842 3355 901 3398 non
920 3335 977 3396 fuit
988 3354 1077 3398 ausus
1089 3335 1216 3397 inserere

126 3431 342 3514 contestationi.

168 3526 219 3584 21.
240 3523 343 3603 Neque
361 3542 429 3584 vero
448 3523 542 3586 ulium
561 3544 626 3585 esse
644 3522 767 3584 actionis
788 3522 913 3603 iniquius
935 3542 1026 3604 genus
1046 3533 1077 3584 et
1097 3531 1217 3603 propter

125 3616 208 3697 quod
221 3619 314 3696 megis
327 3616 508 3678 irascendum
521 3617 559 3678 sit
569 3618 605 3678 iis
618 3618 669 3696 qui
682 3617 732 3686 iilo
743 3626 864 3678 utuntur
876 3637 966 3696 quam
980 3615 1217 3688 contestationes,

127 3711 197 3772 inde
214 3711 399 3792 potissimum
417 3722 620 3790 cognoscetur.
661 3710 792 3772 Primum
815 3711 990 3772 necessariae
1014 3729 1073 3770 non
1091 3719 1170 3778 sunt,
1184 3718 1219 3767 ut

127 3815 254 3877 caeterae,
266 3805 319 3865 sed
333 3805 483 3865 aconsilio
502 3817 533 3866 et
544 3805 695 3866 uoluntate
716 3806 908 3866 contestantis
919 3804 1061 3865 oriamur.
1102 3803 1179 3862 Nam
1192 3802 1219 3861 si
1319 3817 1325 3828 ·

124 3895 326 3958 controversia
338 3915 397 3956 nou
411 3895 495 3958 aliter
507 3898 646 3978 explicari
660 3910 772 3977 posset,
782 3899 841 3959 nisi
861 3896 1075 3966 contestareris,
1094 3894 1218 3954 fortasse

126 3992 288 4052 cmtestari
308 4008 429 4051 necesse
443 4003 540 4053 esset:
562 3991 607 4052 sin
627 3992 715 4052 etiam
734 3991 797 4051 sine
815 3989 1023 4052 contestatione
1042 3987 1072 4044 in
1084 3984 1219 4045 omnibns

127 4083 327 4145 conciliabulis
346 4082 470 4164 agendae
492 4091 591 4145 carisa
611 4093 742 4164 potestas
765 4084 862 4155 datur,
875 4099 973 4142 nonne
996 4075 1166 4140 temeritatis
1189 4087 1220 4136 et

124 4193 252 4236 summas
271 4175 478 4256 desperationis
497 4188 700 4255 argumentum
724 4173 988 4238 estcontestatioi
1021 4172 1124 4252 Neque
1140 4171 1219 4232 enim

127 4285 196 4328 earn
208 4267 358 4348 legislator
370 4268 562 4330 necessariam
577 4270 646 4330 tecit
658 4268 848 4330 adversariis:
871 4267 934 4338 sed,
955 4266 980 4326 si
998 4265 1157 4328 contestari
1168 4283 1220 4325 vo·

125 4359 248 4432 inerint,
262 4359 419 4433 concessit,
434 4361 524 4420 veluti
547 4361 717 4442 periclitans
735 4360 852 4440 ingenia
870 4369 902 4422 et
920 4379 1015 4422 mores
1028 4358 1219 4439 singulorum,

127 4462 307 4534 quantopere
322 4453 405 4516 nobis
419 4454 508 4517 libeat
517 4466 626 4516 temere
639 4454 750 4534 aliquid
758 4453 864 4534 agarei
885 4453 1029 4516 Praeterea
1039 4460 1179 4532 quantun
1189 4449 1219 4508 in
