2967 5017
313 370 371 431 768
665 364 832 428 CONTRA
853 364 1048 427 NEAERAM.

311 543 417 607 mcque
432 520 622 605 jurejurando
643 520 724 594 dato,
745 540 814 583 cum
835 519 896 581 tale
918 533 1033 603 tempas
1048 529 1080 581 et
1098 516 1209 581 bellum
1231 519 1401 601 reipublice

310 630 418 680 noane
440 616 602 691 incidisset,
616 613 646 674 in
658 632 718 697 quc
732 613 757 673 si
772 614 952 688 uicummos,
972 613 1105 675 maximia
1124 612 1294 675 Graecorum
1313 616 1401 675 aolris

310 730 375 773 esse
399 707 516 779 licebat,
530 716 560 768 et
582 706 657 767 citra
675 706 901 767 controversiam
924 715 986 765 tum
1009 715 1109 766 nostra
1133 716 1401 785 recuperaremus

309 801 475 883 Philippum
496 799 653 871 debellare,
667 799 809 877 sinopem
829 797 958 875 segniter
975 796 1151 869 tulissemus,
1161 806 1194 857 et
1205 797 1303 859 socios
1315 797 1401 859 dece·

309 894 475 965 scissemus,
488 903 605 972 propter
622 890 747 969 inopiam
759 890 890 971 pecunie
902 889 1043 971 dissipato
1055 888 1193 962 exercito,
1206 890 1401 954 metuendum

308 996 397 1059 esset,
411 1003 449 1045 ne
461 984 517 1046 hos
528 985 736 1053 amitteremus,
757 996 788 1045 et
801 1002 820 1043 a
831 983 936 1045 ceteris
946 981 1060 1043 Grtecis
1073 979 1204 1061 perfidie
1219 992 1401 1055 notaremur,

308 1088 339 1141 et
358 1078 395 1138 de
416 1078 608 1157 reliquis-ut
626 1075 748 1147 Lemno,
761 1084 795 1134 ut
813 1074 921 1147 Imbro,
933 1084 969 1133 ut
981 1072 1082 1153 Scyro,
1093 1082 1129 1132 ut
1140 1070 1399 1133 Chersoneso-in

307 1168 468 1255 periculum
482 1168 654 1240 veniremus,
671 1184 797 1248 cumque
814 1186 878 1238 ros,
891 1165 1024 1225 omnibus
1036 1164 1147 1225 ciuibus
1165 1162 1290 1237 eductis
1306 1184 1398 1245 expe·

307 1264 445 1325 ditionem
471 1272 503 1323 et
527 1260 566 1322 ed
590 1258 763 1341 Olynthum,
782 1269 812 1319 et
838 1258 869 1318 in
893 1257 1036 1318 Euboeam
1057 1255 1265 1331 instituissetis,
1281 1258 1399 1339 scripsit

305 1356 457 1419 decretum
477 1354 508 1415 in
529 1362 632 1415 senatu
645 1350 842 1431 Apollodorus
858 1361 984 1425 senator,
1000 1361 1030 1411 et
1047 1348 1335 1431 senatusconsultum
1357 1350 1398 1411 ad

305 1448 447 1529 populum
469 1444 577 1516 retulit,
589 1453 624 1503 ut
646 1442 788 1523 suffragia
806 1445 893 1503 ferret
911 1440 1048 1522 populus,
1071 1441 1236 1521 placeretne
1254 1440 1398 1522 reliquero

304 1538 489 1619 vectigalium
502 1537 654 1617 pecuniam
666 1556 730 1596 esse
746 1534 908 1606 militarem,
920 1533 1157 1594 entheatrslems
1175 1552 1242 1595 nans
1262 1546 1296 1594 et
1313 1535 1398 1614 leges

302 1630 454 1713 iubebant,
466 1630 537 1690 belli
558 1628 738 1710 temporibus
760 1627 895 1707 reliquias
914 1619 1098 1703 uectigalium
1117 1644 1183 1687 csse
1201 1626 1354 1699 militares,
1367 1636 1398 1687 et

303 1743 394 1805 penes
413 1721 553 1805 populum
567 1742 632 1783 esse
645 1730 779 1802 oportere
792 1721 923 1800 putabat,
935 1728 970 1778 ut
991 1718 1017 1778 is
1039 1717 1076 1779 de
1097 1718 1157 1780 suis
1178 1738 1232 1779 suo
1254 1718 1396 1780 ominata

304 1826 455 1888 statueret,
467 1826 499 1877 et
506 1816 619 1896 jurarat
631 1834 664 1875 se
676 1814 787 1894 optime
798 1832 952 1873 suasurum
965 1832 1029 1872 esse
1042 1811 1151 1891 populo
1161 1812 1393 1885 Atheniensium,

302 1921 337 1969 ut
349 1928 400 1969 uos
413 1926 515 1968 omnes
528 1926 563 1967 eo
576 1916 705 1985 tempore
717 1906 817 1966 testati
830 1905 912 1964 estis.
953 1904 1032 1963 latis
1049 1902 1125 1963 enim
1139 1902 1294 1981 suffragiis,
1308 1924 1393 1965 nemo

302 2000 464 2078 refragatus
477 2009 532 2071 est,
545 2018 604 2076 quc
617 1996 711 2056 minus
725 2016 763 2056 ea
779 1995 905 2076 pecunia
913 1994 943 2052 in
957 1994 1101 2073 stipendia
1111 1995 1234 2055 militum
1246 1996 1393 2057 conferre·

303 2101 366 2157 tur;
388 2100 475 2167 atque
487 2087 576 2151 hodie
586 2088 683 2160 etlam,
694 2087 716 2147 si
731 2087 849 2167 quando
859 2087 968 2147 mentio
976 2086 1087 2159 incidit,
1096 2088 1271 2147 confitentur
1280 2106 1392 2163 omnes,

301 2201 367 2243 cum
381 2180 538 2242 rectissime
552 2180 682 2251 dixisset,
696 2179 793 2259 inique
805 2199 872 2239 coos
890 2200 928 2239 eo
943 2199 1008 2239 esse
1022 2192 1129 2241 actum.
1172 2180 1218 2240 lili
1230 2180 1330 2260 igitur,
1342 2184 1390 2262 qni

301 2274 432 2335 Judices'
446 2273 542 2335 verbis
572 2272 771 2340 circumvenit,
797 2271 979 2331 irascendum
1002 2283 1056 2340 est,
1083 2290 1143 2329 non
1175 2274 1390 2355 circumventis.

301 2366 379 2427 Nam
393 2365 557 2445 Stephanus
570 2364 600 2423 id
614 2363 760 2424 decretum
778 2364 949 2425 violatamm
962 2364 1062 2443 legum
1078 2382 1160 2423 reum
1172 2363 1254 2435 t'eeit,
1266 2376 1298 2426 et
1311 2368 1391 2428 calo-

300 2459 428 2519 mniandi
440 2459 533 2537 gratia
546 2457 642 2518 lorum
655 2456 815 2537 ingressus,
828 2456 911 2517 lalcis
924 2457 1045 2519 testim
1053 2458 1216 2537 productis,
1226 2479 1295 2521 cum
1309 2472 1391 2524 exos

298 2571 417 2612 causam
439 2550 664 2621 declamitasset,
678 2550 827 2610 decretam
850 2549 1008 2611 damnavit.
1049 2551 1117 2619 Quo
1136 2551 1266 2631 perlecto
1281 2554 1309 2614 si
1326 2555 1389 2635 qni.
1466 2563 1467 2580 ¹

298 2664 397 2705 escere
411 2643 561 2716 voluisset,
573 2660 633 2703 non
654 2642 779 2722 grauiter
791 2642 951 2704 ferremus:
973 2641 1027 2703 scd
1046 2661 1114 2702 cum
1130 2643 1209 2703 litem
1221 2645 1390 2707 estimatum

297 2737 420 2797 ludices
434 2736 564 2798 calculos
578 2747 736 2809 sumerent,
745 2737 894 2796 orantibus
906 2736 1003 2809 nobis,
1015 2736 1167 2795 utreniam
1180 2736 1273 2809 daret,
1284 2740 1392 2815 noluit,

297 2830 350 2889 sed
362 2829 530 2908 quindecim
548 2827 665 2887 talentis
687 2828 769 2888 litem
788 2828 954 2899 estimavit,
969 2837 1004 2886 at
1020 2826 1180 2888 honoribus
1193 2827 1323 2909 privaret
1344 2832 1390 2913 ip-

297 2942 373 2993 sum,
389 2934 419 2983 et
432 2922 538 2982 liberos
552 2920 626 3001 ejus,
647 2930 679 2983 et
690 2940 819 2981 sororem
837 2940 942 2993 meam,
961 2930 993 2979 et
1004 2940 1059 2980 nos
1077 2922 1226 2983 annessae
1238 2922 1278 2983 ad
1290 2936 1390 2986 extre·

296 3034 373 3075 mam
387 3016 512 3095 inopiam
529 3013 684 3093 redigeret,
698 3022 728 3072 et
746 3012 898 3092 penuriam
915 3013 1163 3075 omniumrerum.
1203 3014 1280 3075 Nam
1300 3021 1390 3079 resei
1461 3055 1462 3072 r

295 3124 355 3167 non
368 3110 484 3169 omnino
497 3106 582 3165 trium
597 3102 773 3164 talentorum
786 3114 868 3164 erat:
888 3114 922 3163 ut
934 3114 1047 3165 nutam
1060 3108 1198 3167 mulctam
1212 3126 1271 3167 noo
1285 3122 1390 3187 posset

295 3198 416 3259 solvere.
441 3199 516 3267 Quae
529 3197 553 3256 si
568 3205 698 3257 extremo
710 3205 828 3257 senatm
842 3208 988 3264 conventu
998 3216 1059 3259 non
1072 3199 1241 3273 solveretur,
1253 3199 1390 3281 deplica-

293 3292 390 3363 batcr,
411 3289 454 3350 ite
477 3300 511 3349 ut
533 3287 728 3369 Apollodorus
747 3288 950 3350 inscribendos
974 3300 1053 3351 esset
1072 3291 1193 3370 triginta
1209 3292 1388 3355 talentorum
1458 3293 1459 3296 ’

293 3380 425 3441 debitor:
457 3400 516 3461 quo
528 3380 667 3461 inscripto
679 3384 709 3441 io
723 3381 855 3461 publicas
866 3382 1048 3455 tabulas,res
1056 3384 1226 3464 Apollodori
1237 3384 1388 3448 familiaris
1456 3461 1457 3464 Ἴ

292 3472 479 3534 inscribenda
487 3474 553 3549 fuit,
562 3484 596 3536 ut
607 3474 774 3553 publicata:
796 3484 935 3535 esaum
947 3473 1105 3548 divendita,
1114 3476 1238 3537 iomanis
1249 3479 1388 3541 marim

292 3564 387 3629 eversi
407 3586 548 3640 essemus,
561 3567 675 3647 etipse,
689 3580 720 3627 et
732 3567 814 3627 liberi
828 3566 902 3647 ejas,
915 3576 946 3627 et
957 3587 1042 3642 uxor,
1058 3586 1113 3628 nos
1126 3568 1253 3649 denique
1270 3588 1386 3633 omna.

293 3659 395 3720 Altere
406 3666 548 3741 praeterea
559 3660 619 3721 filia
633 3669 756 3739 nuptum
769 3660 875 3722 elocari
894 3658 973 3721 haud
986 3660 1139 3741 potuisset.
1169 3661 1245 3729 Quis
1257 3662 1337 3723 mim
1347 3666 1386 3725 ab
1454 3655 1455 3660 ¹

292 3750 392 3813 amrin
406 3761 436 3812 et
448 3770 542 3832 egeno
554 3751 716 3813 indotatam
730 3750 914 3831 accepisset?

333 3844 363 3905 3.
385 3846 419 3905 ln
433 3854 517 3905 tanta
527 3845 616 3925 igitur
629 3845 707 3909 mdo
719 3862 773 3904 oca
787 3864 937 3926 nunquam
950 3844 1039 3906 lassus
1059 3864 1077 3903 a
1094 3844 1180 3907 nobis
1196 3846 1385 3925 conjiciebat.

290 3936 445 4000 iudicibus
454 3948 561 4011 eutem,
569 3938 619 4018 qui
632 3947 693 3998 tum
702 3937 753 4018 jus
764 3936 910 4008 dixerunt,
918 3936 1102 4017 hocquidem
1108 3938 1385 4019 nominassemus

288 4028 385 4091 ls'abeo
408 4031 539 4111 gratiam,
553 4030 633 4111 quod
654 4048 722 4090 enm
745 4029 809 4090 tolli
830 4050 848 4091 e
870 4030 968 4092 undio
986 4049 1047 4090 non
1067 4032 1208 4105 siverunt,
1228 4030 1283 4091 scd
1300 4030 1383 4093 litem

290 4122 399 4185 talento
411 4124 600 4197 estimarunt,
614 4131 647 4185 ut
660 4142 738 4203 egre
751 4133 853 4204 posset
864 4123 986 4185 solvere.
1010 4122 1088 4184 Huic
1099 4124 1190 4205 igitur
1199 4123 1267 4204 jare
1279 4142 1383 4205 psrem

288 4214 394 4275 reterre
416 4218 539 4296 gretiam
558 4216 746 4278 instituimur.
787 4216 855 4276 Nec
877 4216 955 4277 enim
977 4214 1034 4277 hae
1055 4226 1138 4297 parte
1158 4214 1306 4277 duntaxat
1326 4236 1383 4279 nos

289 4314 417 4367 evertere
430 4308 553 4383 studuit,
566 4310 619 4370 sed
632 4319 662 4369 et
675 4328 692 4369 e
706 4307 799 4391 patria
811 4306 891 4367 hunc
903 4308 1008 4387 ejicere
1016 4306 1119 4369 voluit
1160 4306 1286 4388 lmpegit
1302 4310 1383 4369 esim

287 4397 314 4457 ei
328 4396 434 4459 laisum
446 4402 565 4475 crimen,
579 4420 645 4461 eam
655 4400 791 4462 debuisse
804 4400 905 4461 erario
919 4402 957 4461 alr
970 4401 1056 4460 annis
1071 4401 1202 4481 quinque
1219 4409 1252 4461 et
1266 4399 1381 4481 viginti,

287 4491 507 4573 profectumque
532 4494 687 4572 aliquando
711 4492 878 4575 Aphidnas,
887 4494 927 4555 ad
943 4493 1097 4573 fugitivam
1115 4494 1156 4556 ibi
1176 4493 1379 4573 querendam,
1445 4531 1446 4548 κ
