<?xml version="1.0" encoding="UTF-8"?>
<!DOCTYPE html PUBLIC "-//W3C//DTD XHTML 1.0 Transitional//EN"
    "http://www.w3.org/TR/xhtml1/DTD/xhtml1-transitional.dtd">
<html xmlns="http://www.w3.org/1999/xhtml" xml:lang="en" lang="en">
 <head>
  <title>
</title>
<meta http-equiv="Content-Type" content="text/html;charset=utf-8" />
  <meta name='ocr-system' content='tesseract 3.04.00' />
  <meta name='ocr-capabilities' content='ocr_page ocr_carea ocr_par ocr_line ocrx_word'/>
</head>
<body>
  <div class='ocr_page' id='page_1' title='image "./oratoresatticie00dupogoog_0196.png"; bbox 0 0 2967 5017; ppageno 0'>
   <div class='ocr_carea' id='block_1_1' title="bbox 333 597 1317 774">
    <p class='ocr_par' dir='ltr' id='par_1_1' title="bbox 333 597 1317 774">
     <span class='ocr_line' id='line_1_1' title="bbox 333 597 1317 680; baseline 0.002 -6"><span class='ocrx_word' id='word_1_1' title='bbox 333 613 638 680; x_wconf 80' lang='lat' dir='ltr'>nsounsururu</span> <span class='ocrx_word' id='word_1_2' title='bbox 660 617 884 679; x_wconf 77' lang='lat' dir='ltr'>onnnouss</span> <span class='ocrx_word' id='word_1_3' title='bbox 906 615 962 678; x_wconf 84' lang='lat' dir='ltr'>os</span> <span class='ocrx_word' id='word_1_4' title='bbox 983 613 1154 679; x_wconf 82' lang='lat' dir='ltr'>coneus</span> <span class='ocrx_word' id='word_1_5' title='bbox 1175 613 1281 676; x_wconf 76' lang='lat' dir='ltr'>ons·</span> <span class='ocrx_word' id='word_1_6' title='bbox 1314 597 1317 604; x_wconf 84' lang='lat'>&#39;</span> 
     </span>
     <span class='ocr_line' id='line_1_2' title="bbox 599 707 1010 774; baseline -0.01 -4"><span class='ocrx_word' id='word_1_7' title='bbox 599 709 806 774; x_wconf 79' lang='lat' dir='ltr'>rscnunn</span> <span class='ocrx_word' id='word_1_8' title='bbox 826 707 1010 769; x_wconf 74' lang='lat' dir='ltr'>usurus.</span> 
     </span>
    </p>
   </div>
   <div class='ocr_carea' id='block_1_2' title="bbox 259 865 1353 1530">
    <p class='ocr_par' dir='ltr' id='par_1_2' title="bbox 259 865 1353 1530">
     <span class='ocr_line' id='line_1_3' title="bbox 294 865 1353 933; baseline -0.002 -18"><span class='ocrx_word' id='word_1_9' title='bbox 294 865 400 916; x_wconf 65' lang='lat' dir='ltr'>russis·</span> <span class='ocrx_word' id='word_1_10' title='bbox 411 874 435 916; x_wconf 87' lang='lat' dir='ltr'>st</span> <span class='ocrx_word' id='word_1_11' title='bbox 445 869 534 932; x_wconf 71' lang='lat' dir='ltr'>mugnis</span> <span class='ocrx_word' id='word_1_12' title='bbox 544 871 614 917; x_wconf 85' lang='lat' dir='ltr'>rsbns</span> <span class='ocrx_word' id='word_1_13' title='bbox 624 869 778 918; x_wconf 76' lang='lat' dir='ltr'>Athenienses</span> <span class='ocrx_word' id='word_1_14' title='bbox 790 869 925 933; x_wconf 74' lang='lat' dir='ltr'>urgentibus</span> <span class='ocrx_word' id='word_1_15' title='bbox 940 868 971 917; x_wconf 84' lang='lat' dir='ltr'>sd</span> <span class='ocrx_word' id='word_1_16' title='bbox 984 868 1089 916; x_wconf 84' lang='lat' dir='ltr'>triremes</span> <span class='ocrx_word' id='word_1_17' title='bbox 1099 867 1250 929; x_wconf 79' lang='lat' dir='ltr'>eonspiendss</span> <span class='ocrx_word' id='word_1_18' title='bbox 1261 872 1287 913; x_wconf 84' lang='lat' dir='ltr'>et</span> <span class='ocrx_word' id='word_1_19' title='bbox 1302 881 1353 914; x_wconf 82' lang='lat' dir='ltr'>sss·</span> 
     </span>
     <span class='ocr_line' id='line_1_4' title="bbox 260 935 1353 1010; baseline 0.001 -19"><span class='ocrx_word' id='word_1_20' title='bbox 260 943 306 992; x_wconf 85' lang='lat' dir='ltr'>riri</span> <span class='ocrx_word' id='word_1_21' title='bbox 316 943 408 1006; x_wconf 66' lang='lat' dir='ltr'>imperii</span> <span class='ocrx_word' id='word_1_22' title='bbox 419 935 495 994; x_wconf 78' lang='lat' dir='ltr'>omem</span> <span class='ocrx_word' id='word_1_23' title='bbox 506 947 686 1010; x_wconf 82' lang='lat' dir='ltr'>snsnipieodrrn,</span> <span class='ocrx_word' id='word_1_24' title='bbox 696 949 815 996; x_wconf 73' lang='lat' dir='ltr'>decretum</span> <span class='ocrx_word' id='word_1_25' title='bbox 827 948 861 1003; x_wconf 80' lang='lat' dir='ltr'>dt,</span> <span class='ocrx_word' id='word_1_26' title='bbox 871 953 898 994; x_wconf 89' lang='lat' dir='ltr'>ot</span> <span class='ocrx_word' id='word_1_27' title='bbox 910 945 950 1006; x_wconf 83' lang='lat' dir='ltr'>qui</span> <span class='ocrx_word' id='word_1_28' title='bbox 964 945 1053 1007; x_wconf 83' lang='lat' dir='ltr'>primns</span> <span class='ocrx_word' id='word_1_29' title='bbox 1065 960 1079 992; x_wconf 82' lang='lat' dir='ltr'>r</span> <span class='ocrx_word' id='word_1_30' title='bbox 1090 944 1217 991; x_wconf 62' lang='lat' dir='ltr'>mium</span> <span class='ocrx_word' id='word_1_31' title='bbox 1231 943 1353 1004; x_wconf 66' lang='lat' dir='ltr'>prebens</span> 
     </span>
     <span class='ocr_line' id='line_1_5' title="bbox 261 1011 1353 1086; baseline -0.002 -18"><span class='ocrx_word' id='word_1_32' title='bbox 261 1033 345 1068; x_wconf 81' lang='lat' dir='ltr'>osseus</span> <span class='ocrx_word' id='word_1_33' title='bbox 355 1019 490 1070; x_wconf 70' lang='lat' dir='ltr'>instructu</span> <span class='ocrx_word' id='word_1_34' title='bbox 500 1024 602 1081; x_wconf 73' lang='lat' dir='ltr'>heberet,</span> <span class='ocrx_word' id='word_1_35' title='bbox 608 1039 715 1074; x_wconf 84' lang='lat' dir='ltr'>eoronsrs</span> <span class='ocrx_word' id='word_1_36' title='bbox 725 1025 854 1086; x_wconf 78' lang='lat' dir='ltr'>resiperst:</span> <span class='ocrx_word' id='word_1_37' title='bbox 863 1022 904 1085; x_wconf 87' lang='lat' dir='ltr'>qni</span> <span class='ocrx_word' id='word_1_38' title='bbox 911 1029 987 1070; x_wconf 80' lang='lat' dir='ltr'>sotem</span> <span class='ocrx_word' id='word_1_39' title='bbox 993 1011 1047 1070; x_wconf 76' lang='lat' dir='ltr'>rute</span> <span class='ocrx_word' id='word_1_40' title='bbox 1053 1019 1132 1082; x_wconf 80' lang='lat' dir='ltr'>pridie</span> <span class='ocrx_word' id='word_1_41' title='bbox 1139 1019 1296 1074; x_wconf 67' lang='lat' dir='ltr'>summu,</span> <span class='ocrx_word' id='word_1_42' title='bbox 1305 1017 1353 1066; x_wconf 78' lang='lat' dir='ltr'>beo</span> 
     </span>
     <span class='ocr_line' id='line_1_6' title="bbox 260 1097 1353 1169; baseline 0.001 -26"><span class='ocrx_word' id='word_1_43' title='bbox 260 1105 298 1144; x_wconf 84' lang='lat' dir='ltr'>est</span> <span class='ocrx_word' id='word_1_44' title='bbox 308 1105 448 1158; x_wconf 83' lang='lat' dir='ltr'>postremum</span> <span class='ocrx_word' id='word_1_45' title='bbox 464 1099 527 1146; x_wconf 85' lang='lat' dir='ltr'>diem</span> <span class='ocrx_word' id='word_1_46' title='bbox 547 1102 642 1156; x_wconf 80' lang='lat' dir='ltr'>mensis,</span> <span class='ocrx_word' id='word_1_47' title='bbox 656 1117 737 1150; x_wconf 83' lang='lat' dir='ltr'>nrssrn</span> <span class='ocrx_word' id='word_1_48' title='bbox 754 1102 784 1148; x_wconf 83' lang='lat' dir='ltr'>sd</span> <span class='ocrx_word' id='word_1_49' title='bbox 801 1101 885 1149; x_wconf 75' lang='lat' dir='ltr'>rollum</span> <span class='ocrx_word' id='word_1_50' title='bbox 899 1115 947 1148; x_wconf 84' lang='lat' dir='ltr'>non</span> <span class='ocrx_word' id='word_1_51' title='bbox 961 1097 1263 1169; x_wconf 72' lang='lat' dir='ltr'>perduxisset,rinoiretur.</span> <span class='ocrx_word' id='word_1_52' title='bbox 1297 1097 1353 1144; x_wconf 74' lang='lat' dir='ltr'>suis</span> 
     </span>
     <span class='ocr_line' id='line_1_7' title="bbox 259 1173 1351 1240; baseline 0.001 -20"><span class='ocrx_word' id='word_1_53' title='bbox 259 1179 335 1220; x_wconf 67' lang='lat' dir='ltr'>snum</span> <span class='ocrx_word' id='word_1_54' title='bbox 344 1173 369 1219; x_wconf 89' lang='lat' dir='ltr'>id</span> <span class='ocrx_word' id='word_1_55' title='bbox 380 1173 462 1220; x_wconf 80' lang='lat' dir='ltr'>vellum</span> <span class='ocrx_word' id='word_1_56' title='bbox 471 1181 586 1223; x_wconf 85' lang='lat' dir='ltr'>struoturs</span> <span class='ocrx_word' id='word_1_57' title='bbox 598 1179 673 1239; x_wconf 77' lang='lat' dir='ltr'>portui</span> <span class='ocrx_word' id='word_1_58' title='bbox 684 1178 811 1240; x_wconf 64' lang='lat' dir='ltr'>preposite</span> <span class='ocrx_word' id='word_1_59' title='bbox 820 1184 878 1225; x_wconf 85' lang='lat' dir='ltr'>utet</span> <span class='ocrx_word' id='word_1_60' title='bbox 888 1191 961 1223; x_wconf 78' lang='lat' dir='ltr'>nores</span> <span class='ocrx_word' id='word_1_61' title='bbox 972 1175 1115 1224; x_wconf 82' lang='lat' dir='ltr'>eommodios</span> <span class='ocrx_word' id='word_1_62' title='bbox 1126 1175 1211 1235; x_wconf 71' lang='lat' dir='ltr'>appelli</span> <span class='ocrx_word' id='word_1_63' title='bbox 1220 1182 1315 1235; x_wconf 78' lang='lat' dir='ltr'>possent</span> <span class='ocrx_word' id='word_1_64' title='bbox 1326 1182 1351 1221; x_wconf 83' lang='lat' dir='ltr'>et</span> 
     </span>
     <span class='ocr_line' id='line_1_8' title="bbox 260 1248 1351 1316; baseline 0.003 -21"><span class='ocrx_word' id='word_1_65' title='bbox 260 1255 337 1296; x_wconf 74' lang='lat' dir='ltr'>neutro</span> <span class='ocrx_word' id='word_1_66' title='bbox 347 1248 380 1296; x_wconf 87' lang='lat' dir='ltr'>ibi</span> <span class='ocrx_word' id='word_1_67' title='bbox 395 1249 468 1297; x_wconf 82' lang='lat' dir='ltr'>iorum</span> <span class='ocrx_word' id='word_1_68' title='bbox 481 1252 599 1300; x_wconf 72' lang='lat' dir='ltr'>nsnsnnr.</span> <span class='ocrx_word' id='word_1_69' title='bbox 631 1253 791 1316; x_wconf 68' lang='lat' dir='ltr'>Apollodorus</span> <span class='ocrx_word' id='word_1_70' title='bbox 805 1253 878 1316; x_wconf 72' lang='lat' dir='ltr'>igitur</span> <span class='ocrx_word' id='word_1_71' title='bbox 891 1251 920 1301; x_wconf 77' lang='lat' dir='ltr'>F.</span> <span class='ocrx_word' id='word_1_72' title='bbox 930 1252 1045 1308; x_wconf 74' lang='lat' dir='ltr'>Potionis,</span> <span class='ocrx_word' id='word_1_73' title='bbox 1056 1251 1096 1312; x_wconf 89' lang='lat' dir='ltr'>qni</span> <span class='ocrx_word' id='word_1_74' title='bbox 1113 1266 1196 1298; x_wconf 77' lang='lat' dir='ltr'>nessus</span> <span class='ocrx_word' id='word_1_75' title='bbox 1214 1249 1305 1312; x_wconf 84' lang='lat' dir='ltr'>primns</span> <span class='ocrx_word' id='word_1_76' title='bbox 1321 1266 1351 1298; x_wconf 84' lang='lat' dir='ltr'>en</span> 
     </span>
     <span class='ocr_line' id='line_1_9' title="bbox 260 1327 1351 1393; baseline 0.001 -19"><span class='ocrx_word' id='word_1_77' title='bbox 260 1327 412 1390; x_wconf 73' lang='lat' dir='ltr'>perduxerat,</span> <span class='ocrx_word' id='word_1_78' title='bbox 423 1343 529 1377; x_wconf 85' lang='lat' dir='ltr'>noronsm</span> <span class='ocrx_word' id='word_1_79' title='bbox 536 1331 637 1391; x_wconf 84' lang='lat' dir='ltr'>soospit:</span> <span class='ocrx_word' id='word_1_80' title='bbox 649 1347 702 1380; x_wconf 85' lang='lat' dir='ltr'>som</span> <span class='ocrx_word' id='word_1_81' title='bbox 713 1339 790 1380; x_wconf 82' lang='lat' dir='ltr'>sotem</span> <span class='ocrx_word' id='word_1_82' title='bbox 801 1347 881 1379; x_wconf 86' lang='lat' dir='ltr'>rursus</span> <span class='ocrx_word' id='word_1_83' title='bbox 890 1331 995 1393; x_wconf 79' lang='lat' dir='ltr'>probetis</span> <span class='ocrx_word' id='word_1_84' title='bbox 1005 1328 1124 1392; x_wconf 75' lang='lat' dir='ltr'>proposito</span> <span class='ocrx_word' id='word_1_85' title='bbox 1131 1335 1202 1385; x_wconf 81' lang='lat' dir='ltr'>esset,</span> <span class='ocrx_word' id='word_1_86' title='bbox 1214 1336 1240 1375; x_wconf 91' lang='lat' dir='ltr'>nt</span> <span class='ocrx_word' id='word_1_87' title='bbox 1249 1329 1271 1376; x_wconf 90' lang='lat' dir='ltr'>is</span> <span class='ocrx_word' id='word_1_88' title='bbox 1280 1328 1351 1375; x_wconf 77' lang='lat' dir='ltr'>etim</span> 
     </span>
     <span class='ocr_line' id='line_1_10' title="bbox 259 1403 1353 1468; baseline 0.001 -16"><span class='ocrx_word' id='word_1_89' title='bbox 259 1404 301 1465; x_wconf 83' lang='lat' dir='ltr'>qni</span> <span class='ocrx_word' id='word_1_90' title='bbox 316 1419 398 1452; x_wconf 77' lang='lat' dir='ltr'>ussum</span> <span class='ocrx_word' id='word_1_91' title='bbox 417 1403 569 1466; x_wconf 75' lang='lat' dir='ltr'>pnieisenime</span> <span class='ocrx_word' id='word_1_92' title='bbox 580 1407 730 1458; x_wconf 65' lang='lat' dir='ltr'>instruxisset</span> <span class='ocrx_word' id='word_1_93' title='bbox 739 1413 897 1464; x_wconf 77' lang='lat' dir='ltr'>eommrstsr,</span> <span class='ocrx_word' id='word_1_94' title='bbox 909 1421 1061 1468; x_wconf 72' lang='lat' dir='ltr'>umqnoqoe</span> <span class='ocrx_word' id='word_1_95' title='bbox 1076 1419 1184 1454; x_wconf 74' lang='lat' dir='ltr'>eorsum</span> <span class='ocrx_word' id='word_1_96' title='bbox 1193 1403 1353 1467; x_wconf 70' lang='lat' dir='ltr'>sprituum</span> 
     </span>
     <span class='ocr_line' id='line_1_11' title="bbox 260 1479 436 1530; baseline 0.023 -3"><span class='ocrx_word' id='word_1_97' title='bbox 260 1479 307 1530; x_wconf 84' lang='lat' dir='ltr'>sibi</span> <span class='ocrx_word' id='word_1_98' title='bbox 319 1481 436 1530; x_wconf 80' lang='lat' dir='ltr'>rendinst.</span> 
     </span>
    </p>
   </div>
   <div class='ocr_carea' id='block_1_3' title="bbox 581 1687 1024 1700">
    <p class='ocr_par' dir='ltr' id='par_1_3' title="bbox 581 1687 1024 1700">
     <span class='ocr_line' id='line_1_12' title="bbox 581 1687 1024 1700; baseline 0 0"><span class='ocrx_word' id='word_1_99' title='bbox 581 1687 1024 1700; x_wconf 53' lang='lat' dir='ltr'>*mu-*—</span> 
     </span>
    </p>
   </div>
   <div class='ocr_carea' id='block_1_4' title="bbox 528 1923 1081 2008">
    <p class='ocr_par' dir='ltr' id='par_1_4' title="bbox 528 1923 1081 2008">
     <span class='ocr_line' id='line_1_13' title="bbox 528 1923 1081 2008; baseline 0.005 -3"><span class='ocrx_word' id='word_1_100' title='bbox 528 1923 1081 2008; x_wconf 85' lang='lat' dir='ltr'>DEMOSTHENIS</span> 
     </span>
    </p>
   </div>
   <div class='ocr_carea' id='block_1_5' title="bbox 335 2145 1272 2397">
    <p class='ocr_par' dir='ltr' id='par_1_5' title="bbox 335 2145 1272 2397">
     <span class='ocr_line' id='line_1_14' title="bbox 335 2145 1272 2225; baseline 0.004 -4"><span class='ocrx_word' id='word_1_101' title='bbox 335 2145 402 2222; x_wconf 90' lang='lat' dir='ltr'>DE</span> <span class='ocrx_word' id='word_1_102' title='bbox 428 2146 644 2223; x_wconf 83' lang='lat' dir='ltr'><strong>CORONA</strong></span> <span class='ocrx_word' id='word_1_103' title='bbox 671 2145 1032 2223; x_wconf 79' lang='lat' dir='ltr'>PRAEFECTURAE</span> <span class='ocrx_word' id='word_1_104' title='bbox 1057 2148 1272 2225; x_wconf 85' lang='lat' dir='ltr'>NAVALIS</span> 
     </span>
     <span class='ocr_line' id='line_1_15' title="bbox 706 2329 902 2397; baseline 0 0"><span class='ocrx_word' id='word_1_105' title='bbox 706 2329 902 2397; x_wconf 79' lang='lat' dir='ltr'><strong>ORATIO.</strong></span> 
     </span>
    </p>
   </div>
   <div class='ocr_carea' id='block_1_6' title="bbox 191 2502 1357 4522">
    <p class='ocr_par' dir='ltr' id='par_1_6' title="bbox 191 2502 1357 3967">
     <span class='ocr_line' id='line_1_16' title="bbox 304 2502 1357 2584; baseline 0.003 -22"><span class='ocrx_word' id='word_1_106' title='bbox 304 2507 331 2565; x_wconf 88' lang='lat'>1.</span> <span class='ocrx_word' id='word_1_107' title='bbox 353 2503 390 2564; x_wconf 70' lang='grc' dir='ltr'>δι</span> <span class='ocrx_word' id='word_1_108' title='bbox 404 2505 431 2565; x_wconf 91' lang='lat' dir='ltr'>ei</span> <span class='ocrx_word' id='word_1_109' title='bbox 444 2503 495 2584; x_wconf 89' lang='lat' dir='ltr'>qui</span> <span class='ocrx_word' id='word_1_110' title='bbox 508 2503 647 2584; x_wconf 87' lang='lat' dir='ltr'>plurimos</span> <span class='ocrx_word' id='word_1_111' title='bbox 669 2503 838 2564; x_wconf 73' lang='lat' dir='ltr'>defensores</span> <span class='ocrx_word' id='word_1_112' title='bbox 851 2502 951 2576; x_wconf 84' lang='lat' dir='ltr'>hebet,</span> <span class='ocrx_word' id='word_1_113' title='bbox 964 2511 1062 2583; x_wconf 78' lang='lat' dir='ltr'>potres</span> <span class='ocrx_word' id='word_1_114' title='bbox 1081 2502 1248 2583; x_wconf 77' lang='lat' dir='ltr'>conscripti,</span> <span class='ocrx_word' id='word_1_115' title='bbox 1265 2521 1357 2566; x_wconf 81' lang='lat' dir='ltr'>senn-</span> 
     </span>
     <span class='ocr_line' id='line_1_17' title="bbox 259 2595 1356 2675; baseline -0.004 -17"><span class='ocrx_word' id='word_1_116' title='bbox 259 2596 443 2658; x_wconf 82' lang='lat' dir='ltr'>tuseonsultu</span> <span class='ocrx_word' id='word_1_117' title='bbox 461 2615 570 2656; x_wconf 83' lang='lat' dir='ltr'>corone</span> <span class='ocrx_word' id='word_1_118' title='bbox 583 2595 711 2668; x_wconf 83' lang='lat' dir='ltr'>deretur,</span> <span class='ocrx_word' id='word_1_119' title='bbox 724 2614 836 2657; x_wconf 71' lang='lat' dir='ltr'>socors</span> <span class='ocrx_word' id='word_1_120' title='bbox 851 2613 923 2655; x_wconf 81' lang='lat' dir='ltr'>sene</span> <span class='ocrx_word' id='word_1_121' title='bbox 935 2613 1042 2669; x_wconf 84' lang='lat' dir='ltr'>essem,</span> <span class='ocrx_word' id='word_1_122' title='bbox 1056 2595 1107 2675; x_wconf 91' lang='lat' dir='ltr'>qni</span> <span class='ocrx_word' id='word_1_123' title='bbox 1126 2613 1192 2654; x_wconf 85' lang='lat' dir='ltr'>esns</span> <span class='ocrx_word' id='word_1_124' title='bbox 1210 2604 1356 2674; x_wconf 78' lang='lat' dir='ltr'>peterem,</span> 
     </span>
     <span class='ocr_line' id='line_1_18' title="bbox 258 2687 1357 2769; baseline 0.001 -19"><span class='ocrx_word' id='word_1_125' title='bbox 258 2709 327 2751; x_wconf 86' lang='lat' dir='ltr'>eum</span> <span class='ocrx_word' id='word_1_126' title='bbox 349 2709 426 2750; x_wconf 89' lang='lat' dir='ltr'>unus</span> <span class='ocrx_word' id='word_1_127' title='bbox 451 2689 665 2769; x_wconf 75' lang='lat' dir='ltr'>Cephisodotus</span> <span class='ocrx_word' id='word_1_128' title='bbox 693 2687 764 2747; x_wconf 89' lang='lat' dir='ltr'>mihi</span> <span class='ocrx_word' id='word_1_129' title='bbox 791 2690 830 2749; x_wconf 89' lang='lat' dir='ltr'>sit</span> <span class='ocrx_word' id='word_1_130' title='bbox 855 2689 1067 2768; x_wconf 80' lang='lat' dir='ltr'>petrocinstus,</span> <span class='ocrx_word' id='word_1_131' title='bbox 1092 2689 1155 2749; x_wconf 91' lang='lat' dir='ltr'>istis</span> <span class='ocrx_word' id='word_1_132' title='bbox 1177 2687 1357 2767; x_wconf 84' lang='lat' dir='ltr'>complores.</span> 
     </span>
     <span class='ocr_line' id='line_1_19' title="bbox 260 2779 1357 2863; baseline -0.004 -21"><span class='ocrx_word' id='word_1_133' title='bbox 260 2781 349 2844; x_wconf 87' lang='lat' dir='ltr'>Nune</span> <span class='ocrx_word' id='word_1_134' title='bbox 357 2781 445 2862; x_wconf 88' lang='lat' dir='ltr'>jussit</span> <span class='ocrx_word' id='word_1_135' title='bbox 454 2783 578 2863; x_wconf 89' lang='lat' dir='ltr'>populus</span> <span class='ocrx_word' id='word_1_136' title='bbox 592 2789 768 2862; x_wconf 84' lang='lat' dir='ltr'>qusestorem</span> <span class='ocrx_word' id='word_1_137' title='bbox 787 2783 815 2842; x_wconf 92' lang='lat' dir='ltr'>ei</span> <span class='ocrx_word' id='word_1_138' title='bbox 827 2799 966 2842; x_wconf 77' lang='lat' dir='ltr'>roronem</span> <span class='ocrx_word' id='word_1_139' title='bbox 986 2779 1057 2841; x_wconf 84' lang='lat' dir='ltr'>dere</span> <span class='ocrx_word' id='word_1_140' title='bbox 1070 2780 1120 2859; x_wconf 92' lang='lat' dir='ltr'>qni</span> <span class='ocrx_word' id='word_1_141' title='bbox 1136 2779 1280 2840; x_wconf 81' lang='lat' dir='ltr'>triremem</span> <span class='ocrx_word' id='word_1_142' title='bbox 1293 2781 1357 2858; x_wconf 92' lang='lat' dir='ltr'>pri-</span> 
     </span>
     <span class='ocr_line' id='line_1_20' title="bbox 259 2873 1355 2953; baseline -0.002 -19"><span class='ocrx_word' id='word_1_143' title='bbox 259 2893 326 2934; x_wconf 88' lang='lat' dir='ltr'>mus</span> <span class='ocrx_word' id='word_1_144' title='bbox 340 2874 523 2935; x_wconf 73' lang='lat' dir='ltr'>instruxerit:</span> <span class='ocrx_word' id='word_1_145' title='bbox 544 2873 575 2935; x_wconf 92' lang='lat' dir='ltr'>id</span> <span class='ocrx_word' id='word_1_146' title='bbox 588 2873 668 2953; x_wconf 90' lang='lat' dir='ltr'>quod</span> <span class='ocrx_word' id='word_1_147' title='bbox 681 2893 736 2953; x_wconf 84' lang='lat' dir='ltr'>ego</span> <span class='ocrx_word' id='word_1_148' title='bbox 753 2873 819 2946; x_wconf 81' lang='lat' dir='ltr'>feei,</span> <span class='ocrx_word' id='word_1_149' title='bbox 838 2883 1051 2952; x_wconf 80' lang='lat' dir='ltr'>proptereaque</span> <span class='ocrx_word' id='word_1_150' title='bbox 1070 2893 1118 2932; x_wconf 89' lang='lat' dir='ltr'>sne</span> <span class='ocrx_word' id='word_1_151' title='bbox 1139 2889 1247 2933; x_wconf 80' lang='lat' dir='ltr'>censeo</span> <span class='ocrx_word' id='word_1_152' title='bbox 1266 2890 1355 2932; x_wconf 85' lang='lat' dir='ltr'>eoro-</span> 
     </span>
     <span class='ocr_line' id='line_1_21' title="bbox 258 2963 1355 3044; baseline -0.005 -16"><span class='ocrx_word' id='word_1_153' title='bbox 258 2968 401 3029; x_wconf 85' lang='lat' dir='ltr'>nsndurn.</span> <span class='ocrx_word' id='word_1_154' title='bbox 443 2967 577 3028; x_wconf 88' lang='lat' dir='ltr'>Demiror</span> <span class='ocrx_word' id='word_1_155' title='bbox 590 2975 688 3026; x_wconf 86' lang='lat' dir='ltr'>sutem</span> <span class='ocrx_word' id='word_1_156' title='bbox 702 2967 775 3024; x_wconf 91' lang='lat' dir='ltr'>istos</span> <span class='ocrx_word' id='word_1_157' title='bbox 785 2965 846 3044; x_wconf 89' lang='lat' dir='ltr'>qui,</span> <span class='ocrx_word' id='word_1_158' title='bbox 857 2964 966 3024; x_wconf 85' lang='lat' dir='ltr'>triremi</span> <span class='ocrx_word' id='word_1_159' title='bbox 975 2964 1123 3043; x_wconf 78' lang='lat' dir='ltr'>neglecte,</span> <span class='ocrx_word' id='word_1_160' title='bbox 1137 2974 1268 3024; x_wconf 86' lang='lat' dir='ltr'>nrstores</span> <span class='ocrx_word' id='word_1_161' title='bbox 1280 2963 1355 3023; x_wconf 83' lang='lat' dir='ltr'>sub·</span> 
     </span>
     <span class='ocr_line' id='line_1_22' title="bbox 259 3055 1356 3137; baseline -0.005 -16"><span class='ocrx_word' id='word_1_162' title='bbox 259 3070 408 3132; x_wconf 73' lang='lat' dir='ltr'>ornarunt,</span> <span class='ocrx_word' id='word_1_163' title='bbox 423 3060 552 3137; x_wconf 88' lang='lat' dir='ltr'>mihique</span> <span class='ocrx_word' id='word_1_164' title='bbox 575 3058 618 3117; x_wconf 88' lang='lat' dir='ltr'>illi</span> <span class='ocrx_word' id='word_1_165' title='bbox 636 3057 770 3117; x_wconf 85' lang='lat' dir='ltr'>ridentur</span> <span class='ocrx_word' id='word_1_166' title='bbox 783 3056 903 3117; x_wconf 87' lang='lat' dir='ltr'>omnino</span> <span class='ocrx_word' id='word_1_167' title='bbox 916 3075 935 3116; x_wconf 88' lang='lat' dir='ltr'>s</span> <span class='ocrx_word' id='word_1_168' title='bbox 950 3075 982 3116; x_wconf 91' lang='lat' dir='ltr'>re</span> <span class='ocrx_word' id='word_1_169' title='bbox 995 3058 1140 3130; x_wconf 83' lang='lat' dir='ltr'>sberrnre,</span> <span class='ocrx_word' id='word_1_170' title='bbox 1153 3067 1243 3136; x_wconf 80' lang='lat' dir='ltr'>etque</span> <span class='ocrx_word' id='word_1_171' title='bbox 1253 3055 1356 3116; x_wconf 79' lang='lat' dir='ltr'>existi·</span> 
     </span>
     <span class='ocr_line' id='line_1_23' title="bbox 260 3147 1356 3228; baseline -0.001 -18"><span class='ocrx_word' id='word_1_172' title='bbox 260 3171 351 3224; x_wconf 86' lang='lat' dir='ltr'>msre,</span> <span class='ocrx_word' id='word_1_173' title='bbox 364 3171 416 3212; x_wconf 84' lang='lat' dir='ltr'>vos</span> <span class='ocrx_word' id='word_1_174' title='bbox 429 3169 489 3210; x_wconf 87' lang='lat' dir='ltr'>non</span> <span class='ocrx_word' id='word_1_175' title='bbox 502 3150 536 3210; x_wconf 90' lang='lat' dir='ltr'>iis</span> <span class='ocrx_word' id='word_1_176' title='bbox 556 3149 605 3228; x_wconf 92' lang='lat' dir='ltr'>qui</span> <span class='ocrx_word' id='word_1_177' title='bbox 617 3147 713 3208; x_wconf 83' lang='lat' dir='ltr'>officio</span> <span class='ocrx_word' id='word_1_178' title='bbox 727 3148 887 3226; x_wconf 80' lang='lat' dir='ltr'>funguntur</span> <span class='ocrx_word' id='word_1_179' title='bbox 908 3147 1014 3208; x_wconf 82' lang='lat' dir='ltr'>hebere</span> <span class='ocrx_word' id='word_1_180' title='bbox 1035 3149 1168 3227; x_wconf 62' lang='lat' dir='ltr'>gratim</span> <span class='ocrx_word' id='word_1_181' title='bbox 1181 3148 1234 3210; x_wconf 91' lang='lat' dir='ltr'>sed</span> <span class='ocrx_word' id='word_1_182' title='bbox 1247 3147 1282 3208; x_wconf 89' lang='lat' dir='ltr'>iis</span> <span class='ocrx_word' id='word_1_183' title='bbox 1300 3150 1356 3227; x_wconf 90' lang='lat' dir='ltr'>qui</span> 
     </span>
     <span class='ocr_line' id='line_1_24' title="bbox 258 3239 1355 3320; baseline -0.003 -18"><span class='ocrx_word' id='word_1_184' title='bbox 258 3243 297 3302; x_wconf 90' lang='lat' dir='ltr'>de</span> <span class='ocrx_word' id='word_1_185' title='bbox 320 3260 355 3303; x_wconf 92' lang='lat' dir='ltr'>eo</span> <span class='ocrx_word' id='word_1_186' title='bbox 379 3242 557 3320; x_wconf 69' lang='lat' dir='ltr'>glorientuss</span> <span class='ocrx_word' id='word_1_187' title='bbox 582 3239 611 3300; x_wconf 92' lang='lat' dir='ltr'>in</span> <span class='ocrx_word' id='word_1_188' title='bbox 632 3259 690 3320; x_wconf 91' lang='lat' dir='ltr'>quo</span> <span class='ocrx_word' id='word_1_189' title='bbox 712 3257 772 3300; x_wconf 90' lang='lat' dir='ltr'>non</span> <span class='ocrx_word' id='word_1_190' title='bbox 794 3239 845 3313; x_wconf 84' lang='lat' dir='ltr'>its,</span> <span class='ocrx_word' id='word_1_191' title='bbox 867 3251 901 3299; x_wconf 91' lang='lat' dir='ltr'>nt</span> <span class='ocrx_word' id='word_1_192' title='bbox 923 3259 990 3318; x_wconf 83' lang='lat' dir='ltr'>ego,</span> <span class='ocrx_word' id='word_1_193' title='bbox 1014 3240 1052 3301; x_wconf 93' lang='lat' dir='ltr'>de</span> <span class='ocrx_word' id='word_1_194' title='bbox 1071 3241 1153 3301; x_wconf 88' lang='lat' dir='ltr'>vobis</span> <span class='ocrx_word' id='word_1_195' title='bbox 1175 3240 1355 3300; x_wconf 79' lang='lat' dir='ltr'>existimant.</span> 
     </span>
     <span class='ocr_line' id='line_1_25' title="bbox 191 3319 1355 3412; baseline -0.002 -18"><span class='ocrx_word' id='word_1_196' title='bbox 191 3319 195 3334; x_wconf 80' lang='grc'><strong>’</strong></span> <span class='ocrx_word' id='word_1_197' title='bbox 258 3333 357 3412; x_wconf 81' lang='lat' dir='ltr'>Atque</span> <span class='ocrx_word' id='word_1_198' title='bbox 371 3335 410 3393; x_wconf 93' lang='lat' dir='ltr'>ob</span> <span class='ocrx_word' id='word_1_199' title='bbox 419 3353 484 3393; x_wconf 83' lang='lat' dir='ltr'>essm</span> <span class='ocrx_word' id='word_1_200' title='bbox 497 3333 591 3412; x_wconf 87' lang='lat' dir='ltr'>ipssm</span> <span class='ocrx_word' id='word_1_201' title='bbox 600 3351 662 3393; x_wconf 89' lang='lat' dir='ltr'>rens</span> <span class='ocrx_word' id='word_1_202' title='bbox 672 3351 791 3412; x_wconf 78' lang='lat' dir='ltr'>sequnm</span> <span class='ocrx_word' id='word_1_203' title='bbox 804 3333 892 3394; x_wconf 84' lang='lat' dir='ltr'>fuerit</span> <span class='ocrx_word' id='word_1_204' title='bbox 904 3351 957 3393; x_wconf 83' lang='lat' dir='ltr'>vos</span> <span class='ocrx_word' id='word_1_205' title='bbox 969 3331 1041 3392; x_wconf 87' lang='lat' dir='ltr'>mihi</span> <span class='ocrx_word' id='word_1_206' title='bbox 1052 3332 1151 3394; x_wconf 84' lang='lat' dir='ltr'>isrere</span> <span class='ocrx_word' id='word_1_207' title='bbox 1160 3332 1274 3411; x_wconf 77' lang='lat' dir='ltr'>surgis:</span> <span class='ocrx_word' id='word_1_208' title='bbox 1295 3351 1355 3410; x_wconf 81' lang='lat' dir='ltr'>ego</span> 
     </span>
     <span class='ocr_line' id='line_1_26' title="bbox 258 3424 1353 3506; baseline 0 -20"><span class='ocrx_word' id='word_1_209' title='bbox 258 3424 337 3486; x_wconf 88' lang='lat' dir='ltr'>enim</span> <span class='ocrx_word' id='word_1_210' title='bbox 350 3443 403 3484; x_wconf 84' lang='lat' dir='ltr'>vos</span> <span class='ocrx_word' id='word_1_211' title='bbox 420 3425 554 3486; x_wconf 84' lang='lat' dir='ltr'>meliores</span> <span class='ocrx_word' id='word_1_212' title='bbox 572 3426 649 3486; x_wconf 81' lang='lat' dir='ltr'>viros</span> <span class='ocrx_word' id='word_1_213' title='bbox 666 3425 780 3506; x_wconf 85' lang='lat' dir='ltr'>judico,</span> <span class='ocrx_word' id='word_1_214' title='bbox 793 3445 882 3506; x_wconf 83' lang='lat' dir='ltr'>quem</span> <span class='ocrx_word' id='word_1_215' title='bbox 896 3425 953 3485; x_wconf 86' lang='lat' dir='ltr'>isti.</span> <span class='ocrx_word' id='word_1_216' title='bbox 994 3425 1122 3504; x_wconf 74' lang='lat' dir='ltr'>Equum</span> <span class='ocrx_word' id='word_1_217' title='bbox 1141 3434 1239 3486; x_wconf 89' lang='lat' dir='ltr'>sutem</span> <span class='ocrx_word' id='word_1_218' title='bbox 1260 3436 1353 3499; x_wconf 82' lang='lat' dir='ltr'>esset,</span> 
     </span>
     <span class='ocr_line' id='line_1_27' title="bbox 258 3515 1355 3598; baseline 0.002 -22"><span class='ocrx_word' id='word_1_219' title='bbox 258 3515 463 3589; x_wconf 80' lang='lat' dir='ltr'>Athenienses,</span> <span class='ocrx_word' id='word_1_220' title='bbox 479 3527 510 3577; x_wconf 91' lang='lat' dir='ltr'>et</span> <span class='ocrx_word' id='word_1_221' title='bbox 517 3517 641 3598; x_wconf 89' lang='lat' dir='ltr'>justum,</span> <span class='ocrx_word' id='word_1_222' title='bbox 656 3529 690 3577; x_wconf 91' lang='lat' dir='ltr'>ut</span> <span class='ocrx_word' id='word_1_223' title='bbox 703 3518 722 3576; x_wconf 91' lang='lat' dir='ltr'>ii</span> <span class='ocrx_word' id='word_1_224' title='bbox 734 3518 786 3597; x_wconf 88' lang='lat' dir='ltr'>qui</span> <span class='ocrx_word' id='word_1_225' title='bbox 798 3538 938 3581; x_wconf 76' lang='lat' dir='ltr'>eoronam</span> <span class='ocrx_word' id='word_1_226' title='bbox 948 3538 968 3579; x_wconf 82' lang='lat' dir='ltr'>o</span> <span class='ocrx_word' id='word_1_227' title='bbox 976 3518 1059 3579; x_wconf 84' lang='lat' dir='ltr'>robis</span> <span class='ocrx_word' id='word_1_228' title='bbox 1070 3519 1158 3578; x_wconf 87' lang='lat' dir='ltr'>tribui</span> <span class='ocrx_word' id='word_1_229' title='bbox 1170 3517 1226 3579; x_wconf 89' lang='lat' dir='ltr'>sibi</span> <span class='ocrx_word' id='word_1_230' title='bbox 1239 3519 1355 3592; x_wconf 77' lang='lat' dir='ltr'>volunt,</span> 
     </span>
     <span class='ocr_line' id='line_1_28' title="bbox 257 3610 1355 3692; baseline 0 -20"><span class='ocrx_word' id='word_1_231' title='bbox 257 3630 335 3672; x_wconf 81' lang='lat' dir='ltr'>esse</span> <span class='ocrx_word' id='word_1_232' title='bbox 346 3611 451 3692; x_wconf 80' lang='lat' dir='ltr'>dignos</span> <span class='ocrx_word' id='word_1_233' title='bbox 460 3629 526 3671; x_wconf 91' lang='lat' dir='ltr'>esse</span> <span class='ocrx_word' id='word_1_234' title='bbox 536 3611 731 3682; x_wconf 80' lang='lat' dir='ltr'>ostenderent,</span> <span class='ocrx_word' id='word_1_235' title='bbox 746 3631 806 3672; x_wconf 90' lang='lat' dir='ltr'>non</span> <span class='ocrx_word' id='word_1_236' title='bbox 816 3611 887 3672; x_wconf 88' lang='lat' dir='ltr'>mihi</span> <span class='ocrx_word' id='word_1_237' title='bbox 897 3611 1125 3673; x_wconf 76' lang='lat' dir='ltr'>maledicerentz</span> <span class='ocrx_word' id='word_1_238' title='bbox 1145 3610 1355 3692; x_wconf 86' lang='lat' dir='ltr'>qnodqusndo</span> 
     </span>
     <span class='ocr_line' id='line_1_29' title="bbox 258 3702 1355 3784; baseline 0.002 -22"><span class='ocrx_word' id='word_1_239' title='bbox 258 3703 306 3764; x_wconf 85' lang='lat' dir='ltr'>iso·</span> <span class='ocrx_word' id='word_1_240' title='bbox 328 3703 379 3764; x_wconf 91' lang='lat' dir='ltr'>illo</span> <span class='ocrx_word' id='word_1_241' title='bbox 394 3702 591 3784; x_wconf 68' lang='lat' dir='ltr'>pretermisso</span> <span class='ocrx_word' id='word_1_242' title='bbox 605 3703 726 3776; x_wconf 82' lang='lat' dir='ltr'>fuciunt,</span> <span class='ocrx_word' id='word_1_243' title='bbox 739 3705 894 3766; x_wconf 84' lang='lat' dir='ltr'>ostendsm</span> <span class='ocrx_word' id='word_1_244' title='bbox 904 3724 956 3766; x_wconf 90' lang='lat' dir='ltr'>eos</span> <span class='ocrx_word' id='word_1_245' title='bbox 969 3705 1000 3764; x_wconf 92' lang='lat' dir='ltr'>in</span> <span class='ocrx_word' id='word_1_246' title='bbox 1013 3715 1138 3783; x_wconf 71' lang='lat' dir='ltr'>unoque</span> <span class='ocrx_word' id='word_1_247' title='bbox 1151 3703 1276 3776; x_wconf 85' lang='lat' dir='ltr'>mentiri,</span> <span class='ocrx_word' id='word_1_248' title='bbox 1289 3714 1355 3764; x_wconf 89' lang='lat' dir='ltr'>tum</span> 
     </span>
     <span class='ocr_line' id='line_1_30' title="bbox 256 3794 1354 3876; baseline 0.002 -22"><span class='ocrx_word' id='word_1_249' title='bbox 256 3794 287 3856; x_wconf 91' lang='lat' dir='ltr'>in</span> <span class='ocrx_word' id='word_1_250' title='bbox 301 3795 464 3876; x_wconf 83' lang='lat' dir='ltr'>semetipsis</span> <span class='ocrx_word' id='word_1_251' title='bbox 478 3795 729 3868; x_wconf 74' lang='lat' dir='ltr'>commendandis,</span> <span class='ocrx_word' id='word_1_252' title='bbox 742 3805 805 3856; x_wconf 90' lang='lat' dir='ltr'>tum</span> <span class='ocrx_word' id='word_1_253' title='bbox 818 3797 848 3856; x_wconf 91' lang='lat' dir='ltr'>in</span> <span class='ocrx_word' id='word_1_254' title='bbox 867 3796 952 3857; x_wconf 90' lang='lat' dir='ltr'>nobis</span> <span class='ocrx_word' id='word_1_255' title='bbox 973 3795 1163 3869; x_wconf 80' lang='lat' dir='ltr'>insectandis,</span> <span class='ocrx_word' id='word_1_256' title='bbox 1176 3794 1354 3876; x_wconf 78' lang='lat' dir='ltr'>proferendo</span> 
     </span>
     <span class='ocr_line' id='line_1_31' title="bbox 257 3887 754 3967; baseline 0 -19"><span class='ocrx_word' id='word_1_257' title='bbox 257 3907 303 3950; x_wconf 88' lang='lat' dir='ltr'>res</span> <span class='ocrx_word' id='word_1_258' title='bbox 317 3909 336 3949; x_wconf 83' lang='lat' dir='ltr'>s</span> <span class='ocrx_word' id='word_1_259' title='bbox 348 3899 482 3949; x_wconf 90' lang='lat' dir='ltr'>nostrum</span> <span class='ocrx_word' id='word_1_260' title='bbox 495 3887 625 3966; x_wconf 88' lang='lat' dir='ltr'>utrisque</span> <span class='ocrx_word' id='word_1_261' title='bbox 643 3897 754 3967; x_wconf 79' lang='lat' dir='ltr'>gestes.</span> 
     </span>
    </p>

    <p class='ocr_par' dir='ltr' id='par_1_7' title="bbox 254 3979 1354 4522">
     <span class='ocr_line' id='line_1_32' title="bbox 296 3979 1353 4060; baseline 0 -21"><span class='ocrx_word' id='word_1_262' title='bbox 296 3984 328 4040; x_wconf 77' lang='lat'>2.</span> <span class='ocrx_word' id='word_1_263' title='bbox 349 3981 478 4042; x_wconf 84' lang='lat' dir='ltr'>Decreto</span> <span class='ocrx_word' id='word_1_264' title='bbox 488 3999 507 4040; x_wconf 87' lang='lat' dir='ltr'>s</span> <span class='ocrx_word' id='word_1_265' title='bbox 519 3979 601 4042; x_wconf 86' lang='lat' dir='ltr'>vobis</span> <span class='ocrx_word' id='word_1_266' title='bbox 615 3979 704 4054; x_wconf 81' lang='lat' dir='ltr'>secto,</span> <span class='ocrx_word' id='word_1_267' title='bbox 719 3979 851 4060; x_wconf 89' lang='lat' dir='ltr'>quisquis</span> <span class='ocrx_word' id='word_1_268' title='bbox 865 3989 934 4041; x_wconf 85' lang='lat' dir='ltr'>ente</span> <span class='ocrx_word' id='word_1_269' title='bbox 948 3979 1039 4059; x_wconf 86' lang='lat' dir='ltr'>pridie</span> <span class='ocrx_word' id='word_1_270' title='bbox 1048 3979 1238 4041; x_wconf 73' lang='lat' dir='ltr'>calendarum</span> <span class='ocrx_word' id='word_1_271' title='bbox 1247 3999 1353 4040; x_wconf 79' lang='lat' dir='ltr'>nerem</span> 
     </span>
     <span class='ocr_line' id='line_1_33' title="bbox 258 4070 1354 4152; baseline -0.001 -19"><span class='ocrx_word' id='word_1_272' title='bbox 258 4072 297 4133; x_wconf 85' lang='lat' dir='ltr'>sd</span> <span class='ocrx_word' id='word_1_273' title='bbox 310 4073 419 4134; x_wconf 81' lang='lat' dir='ltr'>vellum</span> <span class='ocrx_word' id='word_1_274' title='bbox 443 4091 503 4133; x_wconf 86' lang='lat' dir='ltr'>non</span> <span class='ocrx_word' id='word_1_275' title='bbox 527 4070 727 4152; x_wconf 74' lang='lat' dir='ltr'>protraxisset,</span> <span class='ocrx_word' id='word_1_276' title='bbox 742 4080 776 4130; x_wconf 90' lang='lat' dir='ltr'>nt</span> <span class='ocrx_word' id='word_1_277' title='bbox 793 4071 908 4131; x_wconf 85' lang='lat' dir='ltr'>vinetus</span> <span class='ocrx_word' id='word_1_278' title='bbox 921 4070 1035 4152; x_wconf 80' lang='lat' dir='ltr'>judicio</span> <span class='ocrx_word' id='word_1_279' title='bbox 1052 4071 1225 4144; x_wconf 73' lang='lat' dir='ltr'>traderetur,</span> <span class='ocrx_word' id='word_1_280' title='bbox 1238 4081 1354 4132; x_wconf 81' lang='lat' dir='ltr'>steen·</span> 
     </span>
     <span class='ocr_line' id='line_1_34' title="bbox 256 4163 1352 4245; baseline 0 -21"><span class='ocrx_word' id='word_1_281' title='bbox 256 4165 382 4236; x_wconf 85' lang='lat' dir='ltr'>iirmsto,</span> <span class='ocrx_word' id='word_1_282' title='bbox 396 4183 453 4244; x_wconf 74' lang='lat' dir='ltr'>ego</span> <span class='ocrx_word' id='word_1_283' title='bbox 460 4163 600 4245; x_wconf 79' lang='lat' dir='ltr'>&#39;protraxi</span> <span class='ocrx_word' id='word_1_284' title='bbox 612 4173 643 4223; x_wconf 91' lang='lat' dir='ltr'>et</span> <span class='ocrx_word' id='word_1_285' title='bbox 655 4181 721 4224; x_wconf 86' lang='lat' dir='ltr'>eem</span> <span class='ocrx_word' id='word_1_286' title='bbox 739 4164 778 4222; x_wconf 91' lang='lat' dir='ltr'>ob</span> <span class='ocrx_word' id='word_1_287' title='bbox 798 4182 859 4222; x_wconf 88' lang='lat' dir='ltr'>rem</span> <span class='ocrx_word' id='word_1_288' title='bbox 877 4182 988 4223; x_wconf 79' lang='lat' dir='ltr'>corono</span> <span class='ocrx_word' id='word_1_289' title='bbox 998 4181 1064 4223; x_wconf 89' lang='lat' dir='ltr'>sum</span> <span class='ocrx_word' id='word_1_290' title='bbox 1075 4183 1095 4223; x_wconf 89' lang='lat' dir='ltr'>s</span> <span class='ocrx_word' id='word_1_291' title='bbox 1107 4164 1190 4225; x_wconf 81' lang='lat' dir='ltr'>robis</span> <span class='ocrx_word' id='word_1_292' title='bbox 1203 4163 1352 4226; x_wconf 82' lang='lat' dir='ltr'>donstns:</span> 
     </span>
     <span class='ocr_line' id='line_1_35' title="bbox 254 4253 1354 4337; baseline -0.002 -19"><span class='ocrx_word' id='word_1_293' title='bbox 254 4254 305 4318; x_wconf 90' lang='lat' dir='ltr'>isti</span> <span class='ocrx_word' id='word_1_294' title='bbox 324 4265 422 4316; x_wconf 86' lang='lat' dir='ltr'>eutem</span> <span class='ocrx_word' id='word_1_295' title='bbox 443 4275 502 4317; x_wconf 89' lang='lat' dir='ltr'>non</span> <span class='ocrx_word' id='word_1_296' title='bbox 519 4264 734 4337; x_wconf 77' lang='lat' dir='ltr'>protraxerunt,</span> <span class='ocrx_word' id='word_1_297' title='bbox 748 4253 871 4335; x_wconf 90' lang='lat' dir='ltr'>proinde</span> <span class='ocrx_word' id='word_1_298' title='bbox 890 4253 991 4314; x_wconf 80' lang='lat' dir='ltr'>vinciri</span> <span class='ocrx_word' id='word_1_299' title='bbox 1011 4254 1185 4317; x_wconf 82' lang='lat' dir='ltr'>debuerunt.</span> <span class='ocrx_word' id='word_1_300' title='bbox 1225 4256 1275 4315; x_wconf 79' lang='lat' dir='ltr'>An</span> <span class='ocrx_word' id='word_1_301' title='bbox 1291 4275 1354 4316; x_wconf 87' lang='lat' dir='ltr'>nnn</span> 
     </span>
     <span class='ocr_line' id='line_1_36' title="bbox 256 4346 1353 4429; baseline 0.002 -21"><span class='ocrx_word' id='word_1_302' title='bbox 256 4347 345 4429; x_wconf 72' lang='lat' dir='ltr'>igitur</span> <span class='ocrx_word' id='word_1_303' title='bbox 359 4367 419 4408; x_wconf 89' lang='lat' dir='ltr'>rem</span> <span class='ocrx_word' id='word_1_304' title='bbox 434 4349 673 4410; x_wconf 74' lang='lat' dir='ltr'>absurdissimam</span> <span class='ocrx_word' id='word_1_305' title='bbox 685 4346 811 4420; x_wconf 78' lang='lat' dir='ltr'>facietis,</span> <span class='ocrx_word' id='word_1_306' title='bbox 824 4346 849 4407; x_wconf 90' lang='lat' dir='ltr'>si</span> <span class='ocrx_word' id='word_1_307' title='bbox 862 4367 914 4408; x_wconf 88' lang='lat' dir='ltr'>eos</span> <span class='ocrx_word' id='word_1_308' title='bbox 929 4347 979 4427; x_wconf 89' lang='lat' dir='ltr'>qui</span> <span class='ocrx_word' id='word_1_309' title='bbox 999 4347 1051 4408; x_wconf 77' lang='lat' dir='ltr'>oti</span> <span class='ocrx_word' id='word_1_310' title='bbox 1064 4348 1175 4409; x_wconf 85' lang='lat' dir='ltr'>mulets</span> <span class='ocrx_word' id='word_1_311' title='bbox 1192 4368 1226 4409; x_wconf 87' lang='lat' dir='ltr'>se</span> <span class='ocrx_word' id='word_1_312' title='bbox 1238 4347 1353 4428; x_wconf 70' lang='lat' dir='ltr'>oblige-</span> 
     </span>
     <span class='ocr_line' id='line_1_37' title="bbox 256 4439 1353 4522; baseline -0.003 -18"><span class='ocrx_word' id='word_1_313' title='bbox 256 4451 326 4504; x_wconf 85' lang='lat' dir='ltr'>runt</span> <span class='ocrx_word' id='word_1_314' title='bbox 339 4439 538 4504; x_wconf 79' lang='lat' dir='ltr'>oernnsbitisi</span> <span class='ocrx_word' id='word_1_315' title='bbox 572 4441 762 4504; x_wconf 82' lang='lat' dir='ltr'>Armsments</span> <span class='ocrx_word' id='word_1_316' title='bbox 774 4459 871 4522; x_wconf 86' lang='lat' dir='ltr'>porro,</span> <span class='ocrx_word' id='word_1_317' title='bbox 890 4459 958 4520; x_wconf 79' lang='lat' dir='ltr'>quus</span> <span class='ocrx_word' id='word_1_318' title='bbox 974 4439 1092 4522; x_wconf 81' lang='lat' dir='ltr'>publice</span> <span class='ocrx_word' id='word_1_319' title='bbox 1103 4439 1264 4522; x_wconf 67' lang='lat' dir='ltr'>prebende</span> <span class='ocrx_word' id='word_1_320' title='bbox 1282 4451 1353 4503; x_wconf 87' lang='lat' dir='ltr'>sunt</span> 
     </span>
    </p>
   </div>
   <div class='ocr_carea' id='block_1_7' title="bbox 0 0 1488 5017">
    <p class='ocr_par' dir='ltr' id='par_1_8' title="bbox 0 0 1488 5017">
     <span class='ocr_line' id='line_1_38' title="bbox 0 0 1488 5017; baseline 0 1"><span class='ocrx_word' id='word_1_321' title='bbox 0 0 1488 5017; x_wconf 95' lang='lat' dir='ltr'> </span> 
     </span>
    </p>
   </div>
  </div>
 </body>
</html>
