2967 5017
352 310 356 320 ·
416 279 635 348 ADVERSUS
656 284 889 350 Polrcllttr.
1135 292 1194 352 697

103 429 252 519 impensas
265 439 335 500 mrhl
348 439 520 502 restituere?
541 440 615 502 Han
625 459 674 502 me
685 441 813 516 dicente,
821 440 937 502 fabulas
949 459 1125 504 mensuare
1136 442 1196 503 ale·

102 533 172 594 bstt
194 532 254 592 dux
268 543 365 594 autem
379 533 475 594 nasim
491 534 688 596 conscendere
702 553 751 595 me
758 535 893 615 jubebat,
911 543 942 595 et
953 552 1054 594 secum
1073 536 1196 596 solvere.

103 627 148 686 Ao
162 635 196 686 ut
207 645 275 685 eum
290 625 352 686 hmo
365 625 553 707 respondisse
566 638 692 701 constet,
705 627 772 706 lege
785 627 855 688 mihi
867 626 1076 688 testimonium.

504 838 812 904 TESTIMONIUM.

148 987 197 1046 ll.
217 986 322 1048 Dicam
334 986 417 1050 vobis
430 987 518 1050 etiam
531 988 648 1067 signum
661 985 794 1056 evidens,
810 994 845 1046 ut
857 983 955 1074 scinde
968 981 1116 1062 insignem
1127 985 1199 1045 mihi

103 1081 213 1140 &tom
234 1075 304 1140 esss'
322 1079 466 1160 iujuriam.
507 1079 585 1141 Nam
600 1079 727 1160 Hagniae
740 1090 773 1139 et
786 1077 910 1139 Praricli
924 1078 980 1137 sub
993 1075 1072 1138 idem
1083 1086 1199 1158 ternpus

103 1170 168 1230 dati
177 1191 362 1234 successores
372 1183 452 1245 sunt,
467 1172 667 1233 Mnesilochus
674 1171 856 1232 Perithoedes
866 1179 896 1230 et
906 1168 1106 1231 Phrasicrides
1119 1171 1200 1232 snr-

103 1262 265 1344 phlystiou
285 1264 470 1326 Phrasicride
484 1275 583 1326 eutem
596 1266 635 1327 ed
650 1283 755 1326 navem
771 1282 831 1324 non
843 1262 985 1343 profecto,
999 1261 1200 1326 Mnesilochus

103 1353 234 1415 Thasum
247 1357 327 1417 venit
343 1365 374 1416 et
386 1357 424 1416 ab
438 1356 557 1436 Hagnia
571 1357 714 1419 triremem
728 1357 871 1438 suscepit,
884 1365 916 1417 et
934 1355 1082 1436 impensas
1096 1355 1201 1434 reliqui

102 1447 243 1528 temporis
256 1448 344 1510 solvit
354 1447 489 1528 Hagniae,
502 1469 576 1530 quas
589 1470 643 1530 pro
656 1451 699 1512 eis
711 1462 831 1530 rogatus
843 1449 964 1523 fecerat,
978 1459 1009 1509 et
1021 1457 1202 1508 armamenta

102 1536 295 1600 conduxisse
309 1539 438 1618 flegma,
451 1549 483 1600 et
495 1540 558 1620 ipse
572 1541 680 1601 triremi
692 1543 826 1622 profuit:
846 1541 963 1613 deinde,
984 1543 1036 1620 qui
1050 1565 1067 1605 a
1081 1539 1199 1600 Phrati·

101 1633 186 1693 crida
199 1632 277 1692 missi
291 1633 413 1704 ereutii
426 1645 456 1693 et
468 1633 663 1714 impensarum
675 1645 790 1713 partem
803 1635 994 1697 reddiderunt
1003 1633 1201 1706 Mnesilocho,

98 1732 131 1784 st
145 1723 287 1802 deinceps
302 1732 436 1803 sumptus
451 1742 525 1802 quos
536 1724 619 1784 naris
631 1723 799 1803 requirebat
811 1744 870 1786 aua
883 1727 1093 1788 sustinuerunt.
1135 1725 1201 1787 Hc·

101 1833 169 1878 rum
183 1813 254 1875 mihi
268 1815 333 1893 lege
346 1814 553 1875 testimouium.

506 2032 808 2093 TESTIMONIUM.

148 2191 198 2250 12.
208 2187 351 2249 Fortassis
364 2187 451 2270 igitur
464 2208 583 2251 eausam
594 2188 749 2270 requiritis,
757 2187 888 2261 Judices,
898 2209 951 2251 cur
964 2191 1025 2252 dux
1037 2204 1101 2253 tum
1112 2194 1204 2256 istum

106 2281 256 2362 suscipere
270 2301 374 2342 narem
387 2303 448 2342 non
468 2281 607 2362 coegerit,
622 2281 673 2362 qui
687 2301 840 2344 successor
852 2281 892 2343 ad
903 2299 971 2344 eam
984 2285 1121 2359 venisset,
1132 2304 1202 2348 cum

105 2377 190 2456 leges
202 2375 234 2434 id
247 2384 307 2436 tam
320 2395 418 2436 severe
430 2375 619 2456 praecipienti
648 2375 747 2456 Hujus
760 2394 830 2455 ergo
852 2376 893 2435 rei
914 2395 1033 2438 oensem
1047 2376 1201 2459 perspiem

105 2487 162 2529 vos
176 2467 316 2530 edocebo.
356 2467 572 2542 Timomanhus,
586 2467 718 2544 Judices,
731 2467 839 2528 triremi
853 2467 945 2529 voluit
957 2469 996 2530 ad
1009 2470 1108 2530 omnia
1125 2469 1202 2532 bena

105 2560 252 2621 instructa
273 2561 328 2620 uti.
369 2560 485 2621 Sciebat
497 2570 595 2620 autem
619 2560 718 2632 istum,
739 2560 846 2620 triremi
865 2571 997 2640 accepta,
1019 2562 1095 2623 male
1117 2581 1201 2623 suum

106 2647 217 2714 munus
237 2653 398 2723 obiturum
419 2671 514 2731 neque
536 2651 584 2712 vel
606 2653 754 2732 impensas
771 2652 928 2726 facturum,
941 2653 988 2714 rel
1009 2654 1148 2716 militibus
1166 2675 1202 2718 ao

107 2739 266 2825 remigibus
289 2745 361 2805 mms
383 2762 521 2804 usurum:
542 2763 636 2824 neque
658 2743 733 2803 euim
754 2744 908 2822 quisquam
929 2746 1009 2824 apud
1031 2765 1100 2805 eum
1117 2767 1202 2808 man-

109 2839 206 2900 sisset.
247 2838 394 2898 Preterea
407 2837 433 2896 si
447 2855 514 2896 eum
532 2856 591 2896 nou
605 2835 675 2896 data
687 2835 812 2915 pecunia
827 2836 964 2915 naugm
976 2837 1122 2916 jussisset,
1140 2859 1201 2900 non

108 2932 162 3011 ita,
174 2941 210 2991 ut
222 2949 280 3004 me,
292 2931 465 3002 soluturum,
480 2929 533 2989 sed
545 2929 699 2988 molestum
712 2927 767 2988 sibi
779 2925 919 2987 futurum.
961 2929 1012 2988 Ad
1026 2928 1091 2990 hec
1103 2941 1202 2990 mutu-

109 3033 176 3084 atas
189 3025 228 3084 ab
240 3041 276 3084 eo
290 3031 352 3083 erat
364 3021 484 3100 trigirtta
500 3021 603 3095 minas,
620 3041 656 3082 ee
672 3019 840 3082 conditione
857 3037 896 3081 us
915 3039 983 3081 eum
1000 3039 1104 3082 navem
1123 3025 1203 3086 aori·

110 3127 180 3198 pere
193 3125 320 3194 cogeret.
354 3187 356 3191 Ι

153 3211 201 3270 13.
223 3209 291 3277 Qua
313 3216 410 3268 autem
423 3204 461 3266 de
473 3224 566 3266 causa
584 3205 652 3264 mibi
669 3205 792 3265 maxime
811 3205 903 3264 iratus
923 3204 1013 3264 suerit
1029 3223 1134 3285 meque
1157 3208 1202 3268 iu·

111 3311 242 3363 sectatus
256 3300 305 3374 sit,
318 3318 374 3358 nec
387 3315 516 3377 unquam
538 3297 608 3358 mihi
627 3297 673 3357 vel
696 3317 758 3358 une
776 3297 815 3357 de
836 3314 868 3357 re
890 3295 1008 3356 diremi
1029 3307 1203 3377 potestatem

111 3395 223 3466 iecerit,
237 3392 390 3473 perspicue
407 3391 487 3451 robis
506 3390 669 3472 explicabo,
682 3399 717 3450 ut
731 3388 832 3450 sciatis
851 3409 899 3449 me
911 3410 972 3450 nou
991 3390 1098 3452 fecisse
1111 3393 1204 3472 pluriq

111 3487 161 3547 illo
174 3499 305 3566 tempore
323 3483 368 3542 vel
389 3483 480 3543 otium
501 3501 606 3554 meum,
620 3480 665 3540 vel
683 3481 759 3542 illius
776 3481 945 3561 potentiam,
959 3501 1048 3560 quam
1060 3485 1203 3563 populum

111 3580 322 3642 Atheniensem
336 3586 368 3640 et
374 3577 475 3655 leges:
496 3562 549 3634 aed
563 3593 648 3654 aequo
657 3574 760 3635 tulisse
772 3573 869 3634 auimo
882 3573 1062 3634 selectorum
1071 3574 1203 3655 injuriam

111 3685 142 3736 et
151 3671 356 3734 contumeliam
369 3671 534 3740 verborum,
548 3686 615 3746 qum
626 3667 697 3727 mihi
709 3667 803 3727 multo
815 3676 899 3728 eraut
910 3666 1043 3746 graviora
1054 3667 1203 3746 impensis.

111 3769 154 3827 Ut
166 3765 244 3826 enim
256 3763 346 3824 Thasi
358 3759 461 3823 classis
473 3761 648 3836 morabatur,
659 3759 831 3821 aMethoua
842 3761 915 3820 urbe
928 3758 1113 3821 Macedonia
1122 3759 1204 3819 nari·

111 3859 179 3919 cula
190 3857 272 3918 seuit
286 3856 428 3925 Thasum,
450 3872 517 3932 quae
537 3851 684 3912 hominem
697 3851 821 3913 vehebat
842 3861 873 3912 et
893 3850 989 3912 literas
1002 3871 1021 3912 a
1034 3849 1205 3919 Callistrato

113 3953 151 4013 sd
162 3949 394 4019 Timomachum,
408 3947 514 4026 quihus
527 3947 655 4026 petebat,
671 3956 705 4005 ut
723 3965 779 4027 ego
797 3954 903 4026 postea
921 3943 1034 4019 resciri,
1047 3943 1102 4004 sibi
1121 3945 1204 4005 trire-

100 4063 187 4104 mem
207 4040 455 4123 expeditissimam
476 4037 561 4110 mitti,
581 4057 641 4118 quo
656 4037 696 4102 ed
717 4056 786 4099 eum
807 4038 928 4100 reniret.
969 4035 1113 4097 Postridie
1135 4055 1205 4097 eum

113 4135 206 4215 prima
217 4133 285 4195 luce
298 4133 426 4192 minister
438 4129 540 4192 aderat
550 4131 599 4209 qui
617 4149 664 4194 me
680 4141 787 4192 nautas
800 4132 830 4191 in
843 4149 948 4192 narem
962 4149 1068 4191 vocare
1078 4131 1205 4209 juberet.

114 4230 193 4304 Qua,
211 4247 280 4292 cnm
292 4227 382 4308 plena
395 4234 479 4299 esset,
496 4243 657 4286 conscensa
671 4225 823 4308 Callippns
836 4223 967 4284 Philonis
981 4223 1016 4285 F.
1030 4221 1206 4286 &orento

112 4320 301 4402 gubernatori
317 4321 430 4382 iudicat
441 4339 543 4381 sersus
557 4319 765 4382 Macedoniam
786 4337 853 4379 esse
870 4318 1078 4399 navigandum.
1119 4318 1207 4379 Post·

111 4434 201 4496 quam
214 4423 313 4478 autem
331 4413 372 4476 nd
389 4413 528 4496 oppidum
541 4411 689 4494 quoddam
701 4413 731 4472 in
749 4411 885 4493 opposita
906 4412 1082 4487 conduente,
1100 4409 1207 4472 lbasi·

667 4509 687 4564 4
699 4523 722 4564 o
