2967 5017
476 372 652 435 CONTRA
675 367 871 433 NEAERAM.
1161 374 1220 430 7s7

125 524 295 586 conditione
308 526 368 587 sint
381 544 439 607 qua
458 530 526 602 istu,
541 550 607 609 quaa
622 528 720 589 multis
742 540 773 590 et
788 529 940 609 impudicis
953 527 1049 589 modis
1062 516 1140 606 rse'pe
1154 544 1223 588 cuns

125 618 226 678 multis
241 618 346 678 eodem
359 618 478 681 dieram
492 620 603 695 habuit,
617 632 650 682 ut
662 622 819 702 unicuique
832 622 886 681 tuit
903 618 1037 679 lubitum.
1068 618 1222 680 Existima-

126 708 193 767 bitis
205 720 314 781 autern,
324 728 417 789 neque
428 732 474 772 me
485 712 533 792 qui
548 712 652 785 dicam,
667 713 890 792 Apollodorum,
904 730 999 789 neque
1011 711 1060 788 qui
1075 730 1106 769 se
1119 709 1222 769 deten-

123 800 207 874 dent,
218 804 326 881 quique
340 802 394 862 illis
407 806 673 885 patrocinabuntur,
687 824 752 865 esse
761 806 857 873 eives;
879 804 932 863 sed
947 797 1028 883 leges
1042 812 1073 862 et
1086 801 1221 863 Nearam

124 894 165 953 de
177 896 352 956 facinoribus
367 898 442 958 inter
455 918 486 958 se
500 899 674 980 disceptare.
715 898 791 957 Cum
809 898 838 956 in
858 897 1043 956 accusatione
1056 896 1221 970 versamini,

123 986 208 1065 leges
229 989 305 1067 ipsas
327 990 435 1063 audite,
448 1010 499 1069 per
512 1011 585 1070 quas
606 991 771 1071 respublica
785 1000 830 1049 est
842 988 1006 1058 incolumis,
1017 998 1047 1047 et
1059 989 1221 1048 secundum

122 1096 200 1156 quas
212 1100 265 1139 vos
279 1083 521 1160 pronunciatum
530 1083 661 1163 jurastis,
684 1082 755 1162 qnid
771 1082 906 1157 jubeant,
924 1079 995 1158 quid
1015 1080 1065 1140 ille
1088 1080 1222 1141 violarit:

121 1172 177 1230 uhi
203 1184 297 1233 autem
315 1173 353 1233 ad
376 1174 579 1235 defensionem
603 1187 773 1254 perventum
797 1175 863 1245 erit,
888 1173 1083 1234 accusationis
1102 1174 1223 1233 firmatas

121 1263 236 1341 legibus
252 1276 282 1325 et
294 1266 474 1345 probationis
490 1284 667 1345 eorumquae
679 1268 845 1339 dictasunt,
859 1286 1012 1339 memores,
1029 1267 1149 1346 solaque
1159 1270 1222 1343 ejus

120 1356 198 1417 facie
212 1358 284 1429 visa,
297 1357 426 1435 cogitate
441 1357 598 1429 duntaxat,
612 1378 649 1417 an
665 1358 770 1419 Neoera
783 1378 849 1418 cum
865 1358 913 1429 sit,
926 1359 997 1418 talia
1009 1359 1190 1439 perpetrarit.

164 1452 212 1507 27.
240 1450 320 1509 Illud
347 1460 453 1520 autem,
480 1450 683 1522 Athenienses,
709 1449 913 1511 recordatione
939 1450 1061 1527 dignum
1089 1459 1143 1519 est,
1167 1468 1220 1509 vos

118 1540 270 1613 Archiam,
291 1562 356 1601 cum
379 1542 545 1620 pontificem
568 1554 677 1621 ageret,
694 1544 859 1602 convictum
874 1542 902 1600 in
921 1542 1034 1619 judicio
1055 1540 1220 1619 impietatis,

118 1642 157 1691 ut
175 1634 224 1711 qui
242 1651 301 1692 non
320 1634 414 1711 patrio
428 1634 485 1693 ritu
499 1652 582 1693 sacra
602 1634 730 1705 iecisset,
750 1634 916 1714 punivisse;
937 1635 985 1711 qui
1000 1642 1031 1690 et
1045 1632 1082 1690 de
1097 1632 1160 1691 aliis
1174 1651 1221 1692 rc·

118 1726 179 1783 bus
202 1734 248 1782 est
275 1734 441 1797 accusatus,
469 1735 500 1783 et
521 1724 641 1802 Sinope
662 1725 804 1784 meretrici
823 1724 969 1785 victimam
991 1722 1158 1797 adducenti,
1181 1724 1220 1783 ad

117 1832 203 1874 aram
219 1814 396 1873 Eleusiniam
416 1828 561 1875 mactasse
579 1816 734 1886 serebatur,
758 1834 825 1874 eum
846 1834 905 1873 non
920 1814 1008 1872 moris
1026 1824 1104 1875 esset
1116 1834 1153 1875 eo
1172 1816 1221 1876 die

117 1914 251 1966 mactare
261 1906 405 1978 victimas,
419 1926 512 1986 neque
526 1907 604 1967 illius
618 1906 746 1967 mulieris
764 1916 842 1967 esset
853 1905 1038 1978 sacrificium,
1060 1907 1113 1966 sed
1129 1908 1219 1968 sacri·

118 1998 229 2058 iiculae.
270 1999 365 2066 Quam
382 1998 468 2078 igitur
481 1998 611 2077 iniquom
633 1998 731 2072 fuerit,
746 2008 856 2059 sumet
876 2018 915 2058 ex
939 2017 1047 2077 genere
1070 1997 1220 2078 Eumolpi-

118 2092 238 2163 darum,
256 2101 285 2151 et
306 2090 389 2151 claris
404 2099 498 2151 ortum
511 2092 667 2165 natalibus,
681 2102 712 2151 et
725 2090 817 2152 civem
832 2091 1052 2165 Atheniensem,
1066 2101 1220 2172 propterea

118 2184 202 2264 quod
216 2183 314 2263 legum
332 2185 480 2264 quippiam
504 2184 670 2264 neglexisse
688 2185 851 2258 videbatur,
866 2185 983 2246 dedisse
996 2206 1109 2265 poenas,
1123 2206 1219 2266 neque

117 2276 148 2336 ei
162 2276 208 2336 vel
227 2286 427 2355 cognatorum,
440 2276 486 2337 vel
510 2278 668 2337 amicorum
690 2278 925 2358 deprecationem
945 2277 1099 2357 profuisse,
1122 2298 1219 2357 neque

119 2378 184 2428 tum
208 2386 270 2439 soa,
284 2380 346 2427 tum
369 2369 509 2449 majorum
523 2386 642 2428 suorum
657 2369 759 2430 merita
775 2370 805 2427 in
827 2368 1047 2449 rempublicam,
1060 2388 1155 2448 neque
1169 2372 1219 2430 sal

117 2458 244 2523 cerdorii
261 2460 535 2540 reverentiamque
558 2462 663 2533 minus,
677 2482 745 2523 cum
765 2460 923 2541 deliquisse
938 2462 1018 2522 visus
1033 2472 1121 2533 esset,
1140 2461 1217 2522 mul-

117 2564 269 2614 ctaretur:
291 2552 426 2612 Neaeram
442 2564 550 2626 autern,
565 2574 630 2632 quae
644 2565 676 2614 et
688 2553 815 2615 eundem
833 2553 919 2613 deum
935 2554 1058 2628 violarit,
1079 2566 1109 2614 et
1123 2554 1218 2635 leges,

117 2666 177 2707 nec
192 2645 294 2725 ipsam,
308 2664 363 2703 nec
377 2645 438 2723 ejus
452 2645 539 2704 filiam
554 2644 649 2725 puniri
664 2665 682 2705 a
696 2645 802 2705 vobisi

162 2742 213 2819 28.
234 2736 375 2815 Equidem
390 2736 477 2796 valde
491 2736 589 2809 miror,
602 2736 673 2815 quid
687 2737 724 2795 ad
739 2756 792 2796 vos
814 2736 918 2797 dicturi
932 2737 990 2798 sint
1004 2737 1033 2796 in
1048 2736 1216 2797 defensione

115 2830 200 2910 apud
215 2848 284 2889 ros:
307 2839 404 2888 utrum
418 2829 509 2888 civem
524 2848 588 2888 esse
604 2829 740 2889 Neaeram
755 2830 852 2901 istam,
866 2840 895 2888 et
915 2829 1030 2907 legibus
1051 2827 1134 2889 istius
1153 2849 1216 2889 ma-

116 2936 196 2983 trem
216 2921 360 2981 familias?
382 2922 441 2981 Sed
456 2930 595 2982 testatum
610 2932 664 2994 est,
686 2934 717 2980 et
735 2922 916 2981 meretricem
940 2941 1012 2993 esse,
1026 2930 1057 2980 et
1078 2920 1216 2981 ancillam

116 3015 210 3075 inisse
234 3014 391 3074 Nicaretrc.
433 3014 553 3073 Atrion
576 3032 639 3073 esse
663 3031 783 3073 uxorem
804 3032 896 3084 suam,
911 3012 962 3073 sed
981 3031 1035 3092 pro
1054 3013 1218 3073 concubina

117 3106 221 3167 haberi
239 3106 341 3166 domii
362 3106 422 3166 Sed
437 3105 520 3165 istius
535 3104 663 3164 mulieris
682 3104 774 3175 liberi,
788 3114 818 3163 et
832 3104 869 3163 ad
891 3102 1013 3164 curiales
1027 3102 1185 3162 introducti
1199 3124 1218 3163 a

118 3199 283 3280 Stephano,
298 3209 329 3259 et
353 3198 413 3258 filia
439 3198 500 3257 uiro
524 3196 699 3257 Atheniensi
718 3195 842 3264 clocam,
868 3195 1022 3255 manifeste
1046 3195 1216 3267 ostendunt,

116 3311 185 3353 eam
199 3310 250 3371 pro
264 3309 354 3350 uxore
366 3289 477 3350 haberi.
519 3289 587 3349 Non
603 3298 701 3347 autem
717 3307 786 3347 vera
803 3306 870 3347 esse
893 3286 1015 3346 cumina
1029 3285 1070 3347 eis
1089 3287 1216 3366 objecta,

117 3394 152 3446 et
172 3384 402 3455 testificationes,
418 3402 472 3442 nec
491 3383 586 3461 ipsum
606 3378 787 3459 Stephanum
810 3380 943 3450 arbitror,
965 3399 1020 3440 nec
1041 3379 1127 3438 alium
1151 3380 1216 3460 ejus

118 3476 237 3539 nomine
253 3494 418 3557 quenquam
433 3473 589 3546 dicturum,
604 3483 656 3532 aut
667 3481 862 3542 ostensurum,
876 3470 1012 3531 Neaeram
1026 3490 1090 3533 esse
1104 3471 1216 3532 civem:
1305 3520 1308 3527 Δ

119 3568 208 3632 audio
231 3578 329 3629 autem
351 3565 410 3626 tale
435 3566 582 3646 quippiam
604 3583 670 3623 eum
692 3562 758 3622 loco
781 3562 956 3623 detensionis
977 3562 1143 3635 allaturum,
1162 3562 1216 3622 ba-

118 3666 190 3725 bere
211 3682 242 3722 se
263 3680 326 3722 eam
347 3678 406 3719 non
422 3659 531 3729 uxoris,
546 3656 597 3716 sed
612 3656 787 3733 concubinae
798 3656 876 3726 loco,
889 3674 944 3713 nec
962 3653 1068 3713 liberos
1087 3674 1151 3715 esse
1176 3655 1216 3715 is-

118 3758 189 3828 tius,
210 3756 263 3817 sed
282 3773 318 3813 ex
337 3752 394 3814 alia
416 3750 536 3811 muliere
558 3748 631 3823 cire,
655 3768 742 3829 quam
763 3748 845 3827 prius
866 3746 991 3814 duxerit.
1013 3756 1139 3824 cognata
1161 3766 1216 3807 sus

119 3858 283 3927 susceptos.
311 3844 460 3904 Adversus
481 3841 568 3921 igitur
585 3840 722 3901 orationis
741 3840 825 3901 istius
846 3836 1066 3918 impudentiam,
1085 3849 1116 3896 et
1135 3856 1215 3897 com·

120 3952 250 4004 mentum
270 3938 457 4011 defensionis,
471 3947 501 3997 et
520 3954 571 3996 eos
592 3934 643 4015 qui
664 3933 763 3994 dicere
783 3952 836 4014 pro
857 3952 893 3991 eo
913 3930 1106 3991 testimoninm
1120 3932 1215 4009 parati

122 4044 200 4109 sunt,
224 4032 428 4113 provocatione
445 4050 530 4109 oequa
548 4037 580 4089 et
601 4038 739 4087 accurata
760 4045 825 4086 cum
850 4044 885 4085 eo
902 4021 1050 4095 contendi,
1063 4042 1214 4102 perquam

121 4149 172 4189 ros
193 4126 352 4206 simplicem
375 4123 527 4185 veritatem
546 4120 777 4200 cognosceretis:
800 4129 833 4177 ut
852 4116 981 4178 traderet
1003 4114 1132 4188 ancillas,
1149 4136 1215 4194 quae
1282 4138 1286 4143 ·

122 4234 182 4281 turn
196 4219 275 4301 apud
290 4218 425 4277 Nearam
441 4214 566 4275 assiduae
582 4212 711 4282 fuerunt,
732 4230 800 4272 cum
822 4208 951 4289 Megaris
975 4208 1013 4267 ad
1034 4207 1213 4286 Stephanum

122 4316 211 4386 venit,
241 4310 391 4370 Thrattam
412 4316 442 4367 et
461 4306 660 4375 Cocnnhnam,
690 4315 721 4363 et
746 4322 821 4382 quas
840 4312 943 4381 postea
967 4300 998 4360 in
1030 4300 1092 4379 ejus
1118 4302 1216 4362 matri-

123 4408 219 4469 monio
232 4404 420 4485 comparavit,
434 4400 598 4461 Xennidem
610 4398 815 4471 etDrosidem,
826 4396 973 4475 quassatis
987 4394 1092 4466 sciunt,
1101 4406 1131 4456 et
1142 4396 1214 4456 Pro·

122 4520 230 4561 senuna
252 4497 434 4569 defunctum,
454 4506 485 4555 et
498 4494 662 4553 Aristonem
682 4490 917 4572 superstitem,et
929 4487 1131 4550 Antidoridem
1148 4508 1215 4548 cur-
