2967 5017
250 334 293 392 aa
486 319 831 390 nemausenses
854 315 1101 388 anserinus.
1127 343 1131 350 ·

252 440 612 565 praemiet'nlis'qumdam
627 481 737 563 oppida
758 484 896 564 cepisset,
908 479 1126 544 Macedonibus
1147 495 1206 538 non
1226 465 1359 536 dossas.

253 579 404 649 tfentibus,
417 573 469 636 sed
480 578 625 658 plerisque
638 577 792 636 Pausaniae
806 569 989 666 farentibnss
1012 576 1056 634 his
1069 573 1160 652 igitur
1173 571 1358 658 temporibus
1467 627 1468 636 ,

254 669 457 739 Athenienses,
473 669 648 748 iphicratem
662 670 701 728 ad
714 669 912 748 Amphipolim
927 668 1038 727 misisse
1052 685 1119 726 cum
1139 662 1272 743 imperio,
1286 669 1358 722 cum
1467 687 1468 728 1

254 761 308 842 ipsi
323 761 535 840 Amphipolitoe
549 763 648 820 urbem
664 769 808 830 tenerent,
823 771 854 818 et
865 761 927 838 egri
938 761 1050 820 fructus
1064 758 1255 838 perciperent
1278 756 1358 814 Cum
1467 817 1468 822 η

254 854 341 932 igitur
354 853 383 911 in
402 871 438 912 ea
458 853 525 912 loca
544 854 675 914 venisset
689 853 860 931 Iphicrates,
874 851 1015 930 principio
1032 869 1097 911 cum
1117 849 1218 930 paucis
1233 849 1358 939 naribus

255 939 501 1023 erptonndamm
515 962 613 1002 rerum
626 961 717 1003 eausa
730 943 834 1022 magis,
846 959 933 1022 quem
945 941 1116 1002 obsidendae
1127 941 1217 1008 urbis,
1228 949 1302 1010 turn,
1313 939 1359 1000 in-

255 1030 354 1116 qr'rsm,
367 1054 436 1095 eum
449 1037 603 1095 accersivit
612 1045 704 1095 metm
714 1043 767 1092 tus
779 1044 884 1094 et—ut
893 1034 912 1092 ii
925 1034 1027 1094 dicunt
1036 1033 1086 1112 qui
1098 1030 1245 1092 affuerunt
1256 1049 1360 1092 omnes

257 1128 441 1188 *Perdices
460 1129 549 1187 fratre
561 1138 615 1187 tuo
634 1128 664 1187 iu
686 1145 791 1186 manus
816 1127 970 1206 Iphicratis
990 1125 1108 1197 tradito,
1127 1134 1159 1182 te
1180 1133 1290 1192 autem,
1310 1121 1360 1200 qui
1467 1181 1468 1206 ,

257 1230 330 1298 puer
342 1217 424 1278 esses
437 1219 545 1290 adhuc,
566 1218 596 1276 in
615 1235 711 1294 genua
729 1217 807 1295 illius
829 1216 973 1296 imposito,
997 1217 1078 1284 dixit.
1100 1213 1257 1293 Amyntas,
1275 1224 1361 1292 pater
1467 1215 1468 1238 *

134 1359 137 1365 .
257 1311 363 1372 nomm
378 1327 545 1390 puerorum,
561 1309 630 1368 dum
651 1310 731 1380 sirit,
744 1319 776 1368 et
788 1321 817 1370 te
831 1307 990 1386 adoptavit,
1004 1317 1035 1366 et
1048 1309 1119 1366 urbe
1134 1303 1360 1365 Atheniensium

258 1403 437 1462 familiariter
454 1420 525 1462 usus
537 1413 594 1471 est,
609 1401 688 1460 unda
708 1401 753 1469 lit,
769 1411 848 1460 utet
865 1401 998 1479 privatim
1018 1400 1121 1458 horum
1136 1411 1293 1478 puerorum
1318 1399 1360 1456 sis

258 1493 359 1565 stater,
372 1505 404 1552 et
416 1493 533 1572 publice
546 1491 632 1550 nobis
645 1491 766 1550 amicus.
792 1489 853 1549 dlis
867 1490 963 1562 dictis,
980 1490 1165 1550 vehementer
1185 1504 1254 1548 eum
1277 1489 1360 1546 obte·
1467 1567 1468 1574 ἵ

257 1595 337 1646 state
355 1596 412 1661 est,
434 1597 495 1644 tum
508 1603 561 1663 pro
574 1583 667 1653 vobis,
687 1595 750 1640 tum
764 1601 818 1662 pro
833 1601 876 1654 se,
890 1592 952 1640 tum
973 1601 1025 1660 pro
1047 1601 1148 1659 regno,
1164 1579 1291 1657 deniqne
1307 1598 1362 1657 pro

257 1677 468 1738 incolumitate.
506 1676 622 1744 Quibus
650 1673 814 1754 Iphicrates
842 1671 958 1746 auditis,
982 1671 1158 1732 Pausaniam
1181 1670 1364 1730 Macedonia

260 1769 381 1848 expulit,
394 1778 425 1826 et
439 1767 520 1827 vobis
533 1767 685 1846 imperium
698 1767 890 1828 conservavit.

268 1879 289 1902 ··
304 1863 351 1918 14.
373 1859 734 1930 pentaschemum
745 1861 783 1920 de
794 1859 965 1931 Ptolemteo,
975 1859 1059 1938 cujus
1070 1856 1235 1918 auctoritati
1248 1875 1365 1916 summa
1467 1915 1468 1934 ,

259 1955 357 2014 rerum
378 1952 538 2012 commissa
555 1952 662 2023 fuerat,
675 1971 763 2030 quam
784 1952 809 2010 is
827 1951 941 2030 ingrate
960 1962 990 2010 et
1011 1951 1141 2028 improbe
1154 1968 1188 2007 se
1212 1949 1364 2027 gessisset,

260 2046 373 2110 docem
386 2044 522 2123 primum,
535 2063 602 2102 eum
616 2043 654 2102 de
671 2043 841 2123 Amphipoli
860 2043 1048 2102 adversatum
1061 2041 1152 2100 fuisse
1166 2052 1277 2100 nostre
1290 2041 1366 2110 urbi,

260 2146 371 2198 etcum
384 2135 538 2206 Thebanis,
554 2135 774 2194 Atheniensium
793 2136 939 2208 hostibus,
953 2133 1049 2196 foedus
1063 2135 1159 2194 icisse.
1194 2135 1238 2194 Ac
1251 2133 1363 2204 rursus,

262 2231 298 2294 at
312 2225 469 2285 Perdiccas
482 2237 623 2306 suscepto
640 2246 740 2305 regno,
758 2226 796 2285 de
815 2226 985 2306 Amphipoli
1003 2215 1112 2286 bellum
1134 2226 1277 2304 gessisset
1294 2247 1364 2286 cnm

262 2317 456 2388 nosuaurbe,
468 2327 499 2376 ot
511 2331 648 2388 vestram,
662 2337 830 2397 quanquam
846 2319 955 2396 injuriis
970 2317 1140 2377 affectorum
1150 2319 1362 2379 humanitatem

261 2427 395 2479 namne,
407 2408 683 2479 commemorabam,
702 2420 746 2478 ut,
768 2409 902 2487 quamvis
924 2407 1067 2468 Perdicca
1087 2409 1166 2468 bello
1187 2412 1363 2489 superiores,

263 2498 443 2558 Callisthene
464 2497 688 2556 Atheniensium
702 2500 790 2573 duce,
804 2497 938 2558 inducias
952 2511 1050 2559 tamen
1069 2519 1138 2559 cum
1152 2520 1188 2559 eo
1208 2501 1364 2574 fecissetis,

263 2587 389 2650 subinde
403 2597 565 2668 sperantes,
579 2609 632 2648 vos
652 2591 772 2653 tandem
792 2590 869 2670 aequi
889 2590 999 2669 aliquid
1014 2590 1229 2668 impetraturos.
1257 2592 1298 2652 Et
1312 2613 1363 2652 ca·
1437 2627 1442 2636 -

262 2680 404 2741 lumniam
416 2681 496 2740 illam
515 2681 646 2740 refellere
660 2681 964 2754 studebam,·docens,
982 2681 1190 2742 Callisthenem
1213 2703 1233 2743 a
1250 2684 1362 2764 populo

263 2793 324 2834 nou
337 2769 455 2851 propter
471 2773 606 2833 inducias
626 2773 718 2832 fuisse
738 2774 925 2834 interfectum
943 2793 1010 2833 oum
1029 2773 1174 2860 Perdices
1187 2775 1292 2848 factas,
1308 2777 1363 2836 sed

263 2866 303 2925 oh
318 2865 391 2924 alins
404 2885 520 2925 causas.
548 2866 592 2924 Ac
607 2885 708 2925 rursus
722 2879 826 2926 eontra
836 2885 903 2925 eum
915 2867 1014 2926 dicere
1028 2885 1087 2924 non
1101 2867 1281 2938 dubitabam,
1294 2869 1364 2928 Phi-

263 2957 374 3036 hppum
390 2956 557 3036 increpans,
575 2957 656 3035 quod
675 2957 745 3016 belli
761 2967 865 3017 oontm
883 2959 986 3016 urbem
1005 2967 1133 3016 nastrum
1151 2959 1271 3036 gerendi
1293 2979 1363 3019 sue·

264 3067 365 3110 unsar
373 3048 544 3108 exstitisset.
564 3050 664 3127 Atque
676 3049 806 3107 omnium
819 3068 920 3108 eorum
934 3069 1002 3127 quse
1013 3050 1183 3122 referebam,
1196 3057 1288 3112 testes
1297 3070 1365 3130 pro-

265 3139 393 3200 hrebam
408 3139 507 3200 literas
521 3141 597 3219 ejus,
613 3151 643 3198 et
657 3139 819 3218 plebiscita,
833 3150 863 3200 et
877 3139 1066 3218 Callisthenis
1084 3141 1227 3203 inducias.
1266 3145 1311 3204 Aa
1325 3144 1364 3206 tls

189 3229 192 3234 ’
222 3265 228 3288 .
265 3231 359 3308 ptime
377 3231 502 3306 regionis
521 3231 598 3289 illius
615 3231 819 3308 acquisitione,
833 3241 864 3291 et
881 3233 1106 3303 novemriarum,
1122 3244 1155 3292 ut
1172 3237 1362 3308 vocabantur,

265 3321 348 3379 etde
363 3319 471 3378 Thesei
483 3319 561 3389 tiliis,
572 3341 697 3399 quorum
711 3323 836 3383 Aosmss
850 3322 912 3384 doti
926 3325 1076 3404 accepisse
1086 3325 1208 3386 ferretur
1218 3345 1281 3387 earn
1296 3349 1365 3407 pro-

265 3411 403 3480 uinciam,
418 3410 482 3472 haec
505 3423 536 3472 et
552 3422 624 3472 tuno
647 3413 706 3474 dici
726 3416 928 3489 eonveuiebat,
949 3427 980 3476 et
999 3417 1080 3478 diets
1103 3429 1173 3476 sunt
1195 3438 1282 3496 quam
1302 3420 1364 3478 heri

265 3503 362 3584 poerit
383 3504 617 3572 assumtissimes
646 3522 727 3566 nunc
749 3517 848 3568 autem
869 3509 1003 3568 fortassis
1022 3528 1098 3588 opus
1121 3519 1168 3569 est
1186 3511 1274 3570 verba
1294 3529 1364 3570 eon-

266 3597 341 3655 l'erre
355 3597 385 3654 in
398 3596 613 3676 compendium.
641 3596 716 3664 Ques
731 3618 799 3658 vero
818 3601 903 3680 signa
922 3620 981 3659 non
994 3600 1024 3658 in
1038 3601 1165 3678 antiquis
1187 3601 1291 3662 fabulis
1309 3623 1365 3682 pu-

183 3751 186 3753 ,
266 3687 493 3759 musmonem
507 3699 607 3750 nostra
616 3690 917 3762 aetatefncta,eorum
932 3693 1106 3754 mentionem
1121 3693 1274 3755 faciebam.
1304 3696 1365 3755 Re·

265 3779 405 3851 ferebare,
417 3791 451 3838 ut
462 3799 621 3860 congressa
635 3783 926 3844 Lacedaemoniorum
950 3795 1170 3864 oeterorumque
1193 3785 1365 3850 Graecorum

265 3869 420 3944 meietate,
442 3888 543 3930 eorum
563 3893 641 3933 unus
665 3875 818 3954 Amyntas,
837 3887 921 3955 pater
937 3875 1075 3957 Philippi,
1095 3878 1185 3938 missu
1208 3898 1365 3951 assessore,

265 3964 371 4041 suique
383 3963 516 4041 suffragii
525 3965 592 4043 jure
611 3966 764 4044 preditus,
779 3967 967 4038 decrevisset,
985 3969 1181 4049 Amphipolim
1203 3971 1365 4034 Athenien·

265 4055 342 4120 sium
356 4057 543 4139 eihamense
557 4057 788 4118 Atheniensibus
801 4059 977 4138 reliquorum
996 4061 1170 4122 Graecorum
1186 4063 1300 4125 auxiliis
1313 4084 1366 4124 ex-
1467 4101 1468 4106 κ

265 4147 468 4224 pugnandam,
481 4156 513 4208 et
526 4149 747 4210 restituendam.
784 4151 823 4212 Et
835 4151 891 4211 hoc
905 4169 1061 4213 commune
1075 4153 1249 4214 Graecorum
1263 4155 1368 4216 decre·

266 4251 341 4311 tum,
351 4258 464 4320 eosque
482 4243 533 4320 qui
546 4244 757 4314 decrevissent,
772 4265 789 4304 e
808 4244 930 4323 publicis
954 4246 1148 4308 monumentis
1170 4257 1278 4308 testata
1297 4267 1368 4328 pro·

245 4330 407 4412 „ferebam
440 4333 509 4393 Jam
532 4336 640 4413 quibus
655 4337 743 4396 rebus
758 4337 912 4416 Amyntas,
936 4347 1004 4398 tuus
1023 4349 1229 4418 petenensem
1251 4339 1367 4402 Grteois

266 4420 520 4496 omnbusosnit,
536 4427 745 4499 honoratione
767 4427 923 4502 duntaxat,
941 4429 995 4490 sed
1016 4431 1104 4492 etiam
1127 4429 1279 4510 suffragio,
1302 4451 1367 4506 ens,
