2967 5017
413 328 422 338 '
460 347 505 406 ru
530 346 866 411 orrsrrrrortsssr.
1176 355 1243 416 ros.

138 490 181 560 lt
191 501 314 579 prumia
325 511 357 560 et
369 519 485 561 corono
498 510 529 562 et
539 501 688 581 preconia
699 513 732 562 ct
742 503 929 582 quotidianus
938 503 1031 564 rictus
1043 505 1075 564 in
1088 503 1240 586 Prytaneo

134 601 235 652 utrum
248 603 318 653 tunc
331 605 415 654 erant
436 614 476 654 an
488 613 567 654 nunc
581 594 749 656 crebriora?
768 596 851 655 Tunc
865 597 922 660 rari
936 595 1016 675 apud
1030 616 1084 658 nos
1098 595 1235 672 honoras,

136 692 209 743 tunc
227 684 342 744 virtutis
362 706 469 760 nomen
482 686 513 746 in
527 687 621 765 pretio
635 698 707 760 erat,
720 706 801 747 nunc
813 707 882 747 vero
896 708 941 748 res
954 689 1019 767 ipsa
1028 688 1195 763 obsolescit,
1206 701 1238 750 et

137 795 263 836 coronas
273 797 327 837 sos
341 798 400 838 non
415 770 538 838 consilio
551 779 604 838 sed
618 780 879 840 exconsuetudins
894 779 1021 840 donatis.

169 869 223 925 60.
243 869 351 929 Nonne
360 871 427 930 hoec
438 869 526 948 igitur
534 871 767 950 expendentibus
777 872 852 928 uubis
862 871 1021 930 absurdum
1037 873 1141 932 merito
1155 874 1236 933 vide·
1343 893 1347 898 ·

135 965 185 1016 tur
193 960 314 1036 praemis
326 981 407 1019 nunc
419 961 610 1032 increbuisse,
620 960 745 1020 ciuitatis
759 955 830 1040 opes
845 970 907 1020 tum
920 961 1045 1040 majores
1056 982 1144 1040 quarn
1156 985 1236 1026 nunc

133 1048 243 1116 luisse;
265 1051 343 1110 viros
357 1071 436 1111 nunc
457 1071 524 1111 esse
537 1051 702 1128 nequiores,
717 1061 788 1110 tuac
803 1053 893 1112 multo
911 1054 1148 1132 praestantioresl
1170 1057 1235 1136 Ego

134 1153 243 1215 autem,
253 1147 441 1222 quamobrem
456 1144 512 1203 boc
526 1144 567 1201 ita
578 1144 620 1213 fit,
635 1142 791 1214 ostendere
805 1144 887 1204 vobis
899 1149 1038 1207 conabor.
1069 1148 1232 1220 Putatisue,

133 1233 341 1304 Athenienses,
356 1236 486 1295 futurum
497 1253 627 1312 unquam
641 1234 743 1308 fuisse,
752 1236 808 1314 qui
822 1256 854 1295 se
864 1236 911 1296 vel
925 1237 963 1298 ad
975 1239 1123 1318 Olympia,
1136 1241 1181 1298 vel
1195 1241 1234 1300 ad

133 1326 214 1386 aliud
228 1326 347 1403 aliquod
361 1336 508 1386 certamen
530 1327 562 1386 in
583 1345 643 1403 quo
656 1345 776 1386 coronae
797 1327 953 1398 donentur,
975 1348 1112 1390 exercere
1133 1332 1233 1405 vellet,

132 1417 174 1476 ad
187 1417 378 1477 Pancratium
391 1428 443 1476 aut
454 1416 535 1476 aliud
543 1417 702 1494 quodpiam
716 1419 858 1496 gravioris
869 1418 957 1480 luctoe
968 1437 1072 1497 genus,
1083 1421 1108 1479 si
1122 1440 1232 1484 corona

133 1508 297 1581 traderetur
313 1528 372 1568 uon
386 1508 626 1587 praestantissimo
640 1509 693 1568 sed
707 1509 734 1568 ei
755 1511 806 1589 qui
819 1510 903 1570 malis
918 1511 1030 1571 artibus
1046 1512 1138 1590 ipsam
1160 1533 1233 1574 cou-

133 1609 255 1660 secutus
275 1600 378 1660 esset?
398 1600 495 1660 Nemo
509 1599 610 1660 hercle
623 1619 655 1660 se
673 1611 830 1662 exerceret.
876 1601 964 1662 Nunc
986 1615 1096 1675 sutem,
1119 1605 1232 1683 opinor,

131 1702 254 1770 propter
272 1693 430 1764 raritatem,
452 1701 571 1770 propter
589 1692 816 1765 contentionem,
838 1692 941 1767 decus,
962 1695 1084 1773 gloriam
1105 1696 1232 1775 denique

130 1784 336 1863 sempiternam
350 1803 419 1862 quae
431 1783 583 1843 victoriam
596 1782 736 1861 sequitur,
748 1783 931 1862 reperiuntur
944 1787 1078 1846 nonnulli
1091 1788 1153 1865 qui,
1166 1807 1232 1849 cor·

130 1877 250 1955 poribus
265 1878 331 1938 suis
340 1877 466 1935 fortunas
480 1865 628 1954 permissis
642 1875 879 1955 gravissimisque
892 1877 1040 1938 laboribus
1065 1881 1231 1957 exantlatis,

130 1968 294 2047 periculum
306 1969 387 2029 adire
406 1968 539 2046 cupiunt.
564 1967 712 2034 Quocirca
732 1967 834 2048 fingite
856 1989 909 2028 vos
929 1989 996 2029 esse
1016 1973 1181 2033 certaminis
1194 1974 1232 2034 de

129 2063 236 2121 virtute
260 2062 337 2121 cirili
360 2059 484 2120 arbitros
511 2059 698 2131 constitutos,
722 2069 811 2137 atquc
836 2060 911 2120 illud
935 2061 1020 2120 simul
1047 2065 1184 2142 cogitate,
1205 2067 1230 2124 si

129 2154 232 2232 paucis
247 2165 278 2213 et
297 2153 393 2232 dignis
414 2163 445 2212 et
465 2151 629 2211 secundum
651 2152 732 2230 leges
754 2151 875 2230 praemia
899 2155 1042 2226 tribuatis,
1065 2145 1245 2235 complures*

129 2265 183 2304 vos
200 2246 314 2305 virtutis
337 2254 496 2304 certatores
515 2243 686 2303 habituros:
709 2243 753 2302 sin
778 2245 870 2305 cuivis
892 2254 922 2304 'ct
939 2245 982 2304 eis
1005 2247 1055 2324 qui
1078 2248 1231 2307 ambierint

71 2361 79 2369 ·
129 2337 340 2415 grahficemini,
353 2336 439 2396 etism
452 2337 532 2396 bona
542 2336 658 2414 ingenia
668 2347 867 2416 corrupturus.

169 2429 219 2486 61.
241 2427 316 2486 Huec
335 2438 432 2487 autem
447 2438 526 2487 recte
539 2446 558 2486 a
570 2446 618 2486 me
639 2427 718 2486 dicta
736 2447 812 2500 esse,
833 2429 1009 2490 luculentius
1030 2429 1121 2510 paulo
1145 2430 1227 2492 vohis

126 2519 200 2579 libet
211 2537 368 2598 exponere.
395 2519 468 2576 Uter
482 2519 564 2576 robis
579 2517 621 2576 vir
639 2518 739 2576 melior
758 2519 849 2578 luisse
870 2519 987 2580 videtur
1001 2522 1227 2596 Themistocles,

128 2631 188 2691 quo
200 2612 277 2671 duce
290 2609 388 2670 navali
401 2609 480 2687 apud
495 2607 645 2668 Salamina
658 2609 759 2684 praelio
781 2609 901 2668 Persam
919 2611 1042 2681 vicistis,
1056 2631 1095 2670 an
1115 2617 1164 2690 qui
1185 2616 1230 2676 lo-

127 2723 197 2765 cum
221 2703 252 2761 in
273 2701 336 2760 acie
360 2699 491 2759 deseruit
516 2697 753 2756 Demosthenes?
783 2697 934 2757 Miltiades
963 2700 1015 2777 qui
1042 2701 1230 2766 Marathonia

124 2814 226 2876 pugna
246 2795 386 2854 barbaros
410 2789 565 2868 superavit,
580 2807 617 2846 an
636 2787 712 2846 iste?
733 2787 772 2866 [Ii
794 2786 996 2872 denique,qui
1020 2776 1162 2871 pbpulum
1175 2816 1226 2854 ex-

127 2888 274 2947 sulantem
297 2881 424 2962 anyle
437 2877 650 2954 reduxeruutt]
675 2888 707 2937 et
724 2875 868 2938 Aristides
890 2879 950 2952 ille,
971 2881 1020 2958 qui
1041 2886 1227 2961 cognomine,
1270 2913 1278 2928 ·

127 2983 252 3042 multum
265 2979 307 3039 illi
321 2975 403 3057 quod
424 2965 640 3034 Demosthenes
659 2971 751 3031 habet
771 2971 915 3042 dissimili,
935 2973 1038 3034 Justus
1062 2978 1228 3056 appellatus

128 3075 197 3136 esti
218 3073 327 3133 Verum
342 3089 411 3149 ego,
435 3087 486 3147 per
500 3064 573 3124 deos
596 3064 788 3134 immortales,
810 3083 848 3124 ne
863 3064 966 3126 iisdem
980 3066 1098 3144 quidem
1123 3071 1227 3131 diebus

127 3168 173 3228 fas
186 3185 253 3226 esse
266 3164 401 3224 existimo
416 3159 518 3220 dehac
531 3157 672 3218 belluaet
683 3157 799 3217 desiria
810 3156 866 3216 illis
880 3159 1056 3220 meminisse.
1079 3163 1228 3233 Ostendat

126 3259 216 3338 igitur
230 3259 258 3317 iu
282 3256 411 3316 oratione
426 3273 481 3313 sua
501 3251 729 3323 Demosthenes,
744 3250 838 3310 sicubi
859 3250 1009 3310 decretum
1032 3253 1080 3324 sit,
1095 3264 1127 3312 ut
1148 3256 1227 3332 quis·
1317 3271 1326 3278 ·

126 3369 217 3430 quam
228 3347 346 3406 illorum
355 3347 481 3405 virorum
495 3363 605 3402 corona
620 3342 787 3402 donaretur.
818 3341 954 3420 Ingratus
969 3364 1039 3423 ergo
1055 3357 1119 3405 erat
1133 3367 1226 3427 popu-

126 3440 196 3504 lusl
216 3439 351 3509 Minime,
364 3437 424 3496 imo
437 3445 468 3495 et
479 3435 590 3494 excelsi
604 3434 692 3492 enimi
702 3435 819 3510 populus
833 3435 899 3509 luit,
914 3447 944 3495 et
958 3435 999 3494 illi
1020 3438 1069 3515 qui
1083 3437 1161 3498 hunc
1174 3441 1226 3500 ho-

125 3553 228 3596 norem
240 3551 301 3590 non
312 3528 411 3608 adepti
426 3539 495 3588 suut
509 3526 626 3585 civitate
637 3524 694 3586 bac
707 3525 881 3602 dignissimi.
915 3525 982 3583 Non
997 3529 1074 3584 enim
1089 3548 1120 3587 se
1135 3529 1165 3586 in
1180 3541 1225 3589 ta-

124 3627 205 3688 bulis
228 3620 397 3684 decretoriis
417 3619 560 3678 honore'm
581 3635 667 3675 suum
679 3635 790 3701 ponere
811 3618 918 3675 debere
931 3617 1101 3688 censebant,
1117 3621 1170 3679 sed
1194 3623 1223 3684 in

125 3737 227 3781 eorum
240 3716 346 3795 quibus
359 3714 436 3772 bene
449 3711 592 3770 fecissent
603 3710 754 3780 memoris,
769 3727 835 3787 qum
849 3707 967 3785 quidem
982 3725 1019 3766 ex
1031 3707 1081 3768 illo
1091 3718 1223 3790 tempore

125 3811 166 3872 ad
179 3813 258 3870 bunc
271 3826 366 3885 usquc
380 3805 457 3864 diem
470 3813 570 3860 manet
583 3801 764 3860 immortalis.

166 3905 216 3963 62.
236 3901 352 3968 Quibus
370 3916 439 3956 vero
458 3894 584 3974 praemiis
605 3894 701 3952 ornati
717 3889 808 3950 suntl
831 3889 871 3950 lis
888 3908 954 3968 quse
977 3911 1074 3970 opere
1096 3894 1222 3972 pretium

124 4007 172 4059 est
185 4009 424 4056 commemorare.
448 3987 578 4046 Fuerunt
591 3983 709 4063 quidam
723 3983 757 4041 iis
772 3983 961 4064 temporibus,
974 3985 1023 4061 qui
1039 3984 1138 4044 rnultis
1153 4006 1221 4064 gre-

122 4091 265 4166 vibusque
275 4082 412 4164 periculis
423 4079 556 4139 defuncti
570 4076 679 4136 Medos
691 4073 771 4153 apud
786 4074 971 4154 Strymonem
985 4075 1104 4134 flurium
1119 4077 1229 4154 praelfio.

122 4181 273 4242 fuderunt
315 4174 340 4232 li
353 4173 440 4251 igitur
454 4172 513 4230 huc
527 4169 634 4229 reversi
652 4167 805 4247 praemium
821 4167 959 4246 apopulo
979 4169 1156 4246 petiverunt,
1169 4171 1219 4232 de·

124 4275 224 4351 ditqus
250 4269 291 4329 eis
314 4265 442 4346 populus
463 4280 582 4342 magna,
604 4270 639 4318 ut
659 4269 723 4317 tum
746 4258 931 4330 videbantur,
953 4260 1081 4338 praemia,
1106 4269 1140 4320 ut
1160 4273 1220 4323 tres

124 4367 245 4426 Hermus
258 4359 366 4439 lapidei
378 4357 600 4418 in'lisrmsrum
612 4352 727 4431 porticu
740 4351 777 4409 iis
789 4359 980 4432 ponerentur,
995 4371 1031 4410 ea
1040 4351 1111 4432 lege
1121 4365 1218 4416 tamen

123 4479 162 4520 ue
175 4474 231 4520 sua
242 4450 572 4520 nomiuainscriberent,
584 4454 692 4509 utnon
704 4443 912 4524 imperatorum
931 4442 984 4505 sed
1002 4445 1102 4525 populi
1114 4446 1218 4507 iuscri-

645 4535 662 4569 '
674 4554 692 4594 r

1468 251 1469 268 l

1341 285 1469 344 s·'
