2967 5017
485 363 531 422 1n
553 361 890 424 crnsrrnonrnsr.
1060 440 1064 446 ¹
1150 360 1231 426 'res

133 539 191 603 que
202 523 360 603 quiequam
374 538 477 601 rogare
486 521 532 584 fas
545 521 601 596 est',
612 539 709 602 neque
725 533 861 602 egsum
874 524 959 586 alteri
979 521 1151 585 concedere.
1173 525 1194 585 J
1195 545 1229 586 u·

132 618 201 677 bete
213 617 312 696 igitur,
325 626 370 686 ut,
385 615 575 693 acepsimam
590 614 766 675 sententiam
776 616 938 676 seeundum
954 615 1036 695 leges
1049 617 1123 678 ferre
1135 619 1227 698 passi,

133 709 240 768 exinde
253 710 293 769 ad
305 708 367 771 litis
379 707 603 767 aestimationem
615 708 692 766 vires
701 717 883 768 convertant.

170 791 220 859 m.
244 798 292 858 Ad
304 817 449 859 summam
458 807 556 858 autem
570 816 673 876 parum
687 799 756 857 mihi
770 801 864 871 abest,
878 799 1080 874 Athenienses,
1095 801 1163 879 quin
1179 801 1224 862 di-

132 909 199 952 cam
219 893 316 970 legem
334 893 365 950 in
379 891 543 952 senentes
562 890 709 951 duntaxat
721 892 761 951 de
782 892 905 952 decretis
921 904 1025 953 contra
1043 894 1125 972 leges
1144 895 1228 954 factis

131 985 199 1045 ferri
213 985 332 1063 debere,
345 1005 383 1044 ne
398 984 485 1044 liceat
497 993 550 1043 aut
562 984 737 1054 accusatori,
761 995 813 1044 aut
824 984 851 1044 ei
865 985 915 1064 qui
932 985 1018 1065 hujus
1033 986 1160 1048 criminis
1174 1007 1227 1067 po-

131 1077 268 1146 stulatur,
282 1077 441 1137 advocatos
451 1076 506 1137 sibi
520 1076 705 1135 adsciscere:
727 1095 787 1135 non
801 1077 878 1136 enim
896 1078 939 1136 lic
952 1078 1168 1138 interminatum
1178 1080 1228 1159 jus

132 1171 256 1243 est,rsed
268 1169 384 1249 legibus
397 1168 502 1228 vestris
514 1167 677 1226 definitum.
703 1167 747 1228 Ut
756 1168 832 1228 anim
841 1170 871 1228 in
885 1179 947 1229 arte
957 1169 1062 1241 fabrili,
1078 1191 1145 1232 cum
1155 1172 1228 1251 quid
1356 1219 1363 1228 .

130 1272 243 1322 rectum
264 1263 303 1321 sit
320 1260 390 1339 quid
405 1279 475 1328 non,
491 1259 567 1319 seire
580 1258 721 1331 volumus,
736 1260 866 1338 regulam
885 1262 1066 1336 adhibemus,
1080 1251 1228 1344 qua'dljuss

130 1355 274 1425 dicentur,
294 1354 336 1410 ita
348 1353 379 1408 in
396 1351 633 1411 accusationibus
646 1351 684 1410 de
698 1351 825 1412 decretis
845 1362 948 1412 eontra
960 1353 1042 1431 leges
1059 1354 1143 1414 lactis
1152 1356 1228 1434 juris
1255 1351 1260 1362 '
1322 1419 1327 1428 ,

130 1445 235 1522 regula
253 1442 433 1522 proponitur,
454 1443 563 1504 tabella
576 1441 689 1502 scilicet
707 1443 809 1503 haecce
825 1453 857 1503 ct
869 1443 1020 1503 decretum
1037 1453 1068 1502 et
1080 1445 1162 1524 leges
1176 1447 1227 1507 de·

130 1539 248 1616 scriptae
258 1555 294 1596 ac
300 1537 387 1616 juxta
398 1535 516 1615 posite.
551 1537 627 1595 Hoec
640 1537 664 1594 si
678 1537 754 1600 inser
768 1555 800 1596 se
814 1537 977 1596 consentire
991 1537 1164 1608 ostenderis,
1175 1539 1228 1598 de-

130 1628 251 1702 scende,
273 1639 305 1687 et
323 1627 396 1706 quid
409 1647 485 1706 opus
498 1638 529 1691 te
543 1628 775 1688 Demosthenem
789 1629 951 1688 adnotaret
973 1630 1048 1688 Cum
1066 1649 1136 1690 vero
1146 1629 1229 1709 justa

128 1719 179 1778 illa
202 1718 382 1779 defensionis
403 1720 515 1778 ratione
536 1719 674 1797 neglecta
693 1719 841 1778 hominem
864 1719 1027 1778 maleficum
1049 1721 1173 1781 accersis
1197 1733 1228 1782 et

128 1813 283 1870 verborum
294 1811 446 1882 artificem,
460 1809 582 1866 insidias
592 1810 680 1866 struis
692 1809 885 1880 auditoribus,
896 1809 1042 1869 civitatem
1052 1809 1227 1886 labefactas,
1290 1867 1299 1882 ,

128 1903 230 1982 populi
244 1901 472 1962 dominationem
488 1900 605 1960 martis.
968 1897 970 1901 ’
1053 1925 1055 1930 ’

170 1995 220 2052 68.
241 1996 387 2059 Quaenam
399 1994 488 2072 igitur
500 1992 574 2052 ratio
587 1993 625 2052 rit
644 1992 814 2073 hujusmodi
833 1993 996 2054 orationum
1011 1997 1226 2076 propulsanda·

127 2084 214 2144 mml
235 2085 300 2164 Ego
315 2086 377 2164 jam
390 2103 549 2164 erponem.
593 2084 777 2162 Simulatque
797 2084 857 2145 huc
870 2105 1044 2164 progressus
1064 2087 1225 2168 Ctesiphon
1269 2115 1276 2126 ·

126 2174 201 2234 illud
214 2177 408 2255 compositum
422 2177 477 2236 sibi
499 2197 518 2234 o
531 2175 713 2234 Demosthene
726 2175 879 2234 exordium
896 2177 1104 2255 pronuntiabit,
1118 2179 1225 2240 deinde

127 2277 244 2347 tempus
258 2267 394 2328 absumet
410 2268 539 2347 nihilque
555 2266 594 2327 ad
607 2267 808 2328 defensionem
822 2267 934 2342 afferet,
948 2281 1133 2330 commonete
1147 2290 1225 2344 eum,

127 2367 162 2418 ut
174 2359 248 2420 citra
258 2361 416 2418 tumultum
429 2359 570 2420 tabellam
578 2358 656 2419 hanc
665 2361 697 2419 in
710 2377 816 2420 manus
829 2371 927 2420 sumat
939 2361 1082 2440 legesque·
1092 2381 1160 2422 cuns
1171 2361 1223 2422 de-

126 2461 208 2510 creto
228 2469 284 2508 suo
296 2452 434 2510 recitatas
447 2453 590 2512 conferat.
613 2452 702 2521 Quod
721 2453 748 2512 si
761 2471 814 2512 ros
828 2453 930 2514 audire
943 2473 975 2514 se
989 2453 1223 2530 dissimulaverit,
1274 2523 1278 2530 ,

126 2561 166 2602 ne
180 2560 233 2601 vos
255 2541 376 2619 quidem
393 2561 460 2601 eum
475 2543 624 2602 audiatis:
645 2545 797 2602 nonenim
812 2544 872 2604 huc
895 2546 1084 2618 convenistis,
1100 2557 1135 2606 ut
1156 2567 1223 2609 reos

13 2653 21 2670 ·
126 2636 178 2713 qni
187 2634 348 2713 legitimam
358 2632 557 2693 defensionem
570 2645 714 2712 respuunt
727 2635 862 2706 audiatis,
882 2636 935 2693 sed
948 2637 1016 2710 illos
1029 2637 1081 2714 qui
1099 2657 1132 2697 se
1146 2651 1224 2700 recte

125 2737 215 2804 atque
235 2725 337 2785 ordine
356 2723 515 2785 defendere
529 2727 624 2806 parati
642 2727 723 2785 sunt.
757 2725 810 2784 Sin
832 2734 931 2785 autem
950 2727 1034 2806 justa
1051 2726 1223 2790 defensione

124 2819 323 2897 praetermissa
335 2816 566 2876 Demosthenem
579 2825 720 2886 arcerem,
738 2815 922 2893 potissimum
937 2817 1027 2876 nolite
1039 2817 1116 2880 ferre
1127 2819 1222 2880 honri-

126 2930 194 2970 nem
202 2919 405 2981 veteratorem,
415 2909 786 2987 sperantemseverborcrn
797 2908 928 2986 aucupiis
936 2909 1019 2987 leges
1029 2912 1221 2985 sublaturum,

124 3022 222 3081 neque
232 3003 291 3061 hoc
303 3000 448 3080 quispiam
461 3010 592 3060 vestrum
612 2999 667 3059 sibi
680 2999 711 3057 in
724 2998 821 3057 laudis
834 2999 902 3058 loco
915 2998 1047 3078 deputet,
1060 3003 1085 3060 si
1099 3003 1220 3065 interro·

125 3107 216 3174 gente
238 3093 441 3172 Ctesiphonte,
455 3091 581 3151 liceatne
592 3111 644 3168 per
660 3109 709 3148 oor
731 3089 961 3150 Demosthenem
984 3092 1140 3168 advocare,
1163 3096 1220 3174 pri·

123 3206 191 3246 mus
214 3184 391 3247 exclamabit
417 3202 526 3255 soca,
549 3194 815 3268 vocat-contra
840 3183 965 3262 teipsum
993 3203 1092 3256 vocas,
1118 3197 1221 3250 contre

124 3279 206 3356 leges
216 3295 316 3349 voees,
326 3286 429 3342 contra
437 3275 537 3356 populi
546 3277 712 3336 libertatem
726 3293 869 3335 vocas—z
890 3275 971 3352 quod
985 3275 1009 3334 si
1023 3274 1106 3337 robis
1117 3279 1220 3341 audire

122 3373 242 3451 placeat
254 3367 496 3441 Demosthenem,
509 3369 657 3448 postulate
670 3370 708 3428 ab
725 3387 773 3438 eo,
787 3377 821 3426 ut
838 3368 875 3428 ad
894 3387 958 3428 eam
973 3388 1104 3430 normam
1118 3373 1219 3433 defen.

123 3465 237 3523 sionem
259 3461 404 3534 instituat,
418 3480 507 3540 quam
524 3481 582 3545 ego
595 3461 626 3520 in
645 3459 830 3547 aecusatione
845 3461 888 3522 sie
901 3461 1127 3540 quodammodo,
1141 3476 1174 3526 ut
1188 3467 1219 3526 id

123 3555 428 3615 vobisinmemoriam
441 3575 586 3628 revocem,
601 3575 666 3616 sum
674 3565 804 3644 secutus.
879 3583 883 3590 ⁴
1072 3563 1074 3568 '

95 3646 99 3654 '
162 3650 215 3707 09.
241 3649 305 3706 Nec
317 3645 458 3726 privatam
473 3647 680 3707 Demosthenis
692 3647 779 3706 ritum
799 3648 878 3726 prins
892 3645 1047 3724 explicavi,
1059 3650 1218 3713 nec·ullius

122 3739 233 3824 publici
245 3739 374 3800 criminis
388 3740 564 3800 mentionem
586 3739 653 3810 feci,
674 3757 741 3798 cum
764 3757 863 3798 eorum
880 3737 986 3816 ingens
1008 3741 1077 3800 mihi
1099 3741 1217 3806 adesset

123 3833 300 3911 copia-aut
321 3834 450 3892 omnium
477 3843 558 3893 certe
580 3833 732 3892 hominum
759 3850 854 3892 essem
878 3831 1151 3907 infantissimus-,·
1164 3839 1217 3898 sed

121 3925 214 4005 primo
234 3927 302 3985 loco
315 3926 433 3984 ostendi
453 3925 536 4004 leges
548 3922 658 3986 diserte
670 3935 780 3995 vetare,
794 3943 831 3983 ne
847 3941 955 3984 corona
968 3924 1116 3986 donentur
1133 3927 1153 3987 ii
1166 3931 1215 4008 qui
1330 3963 1333 3970 .

120 4017 282 4077 rationibus
300 4017 458 4077 referendis
472 4026 542 4078 sunt
554 4018 684 4088 obnoxii,
696 4014 805 4075 deinde
817 4027 960 4077 oratorem
975 4019 1123 4098 redargui,
1137 4022 1217 4100 quod

123 4108 353 4169 Demosthenem
366 4109 418 4188 qni
430 4110 592 4170 rationibus
605 4107 765 4169 reddendis
778 4109 922 4185 obnoxius
929 4120 977 4169 est
991 4129 1100 4172 corona
1113 4112 1215 4174 donari

117 4202 246 4281 jusserit,
269 4201 352 4260 nullo
365 4201 709 4281 praetextujnterposito,
722 4219 782 4260 uon
801 4202 991 4262 excusatione
1013 4221 1049 4263 ea
1067 4204 1216 4286 adscripta

121 4303 370 4372 posteaquam
397 4295 565 4360 rationes
587 4293 768 4364 retulerit,
797 4293 850 4354 sed
874 4294 957 4354 vobis
983 4305 1072 4375 atque
1088 4298 1213 4378 vlegibus

120 4386 238 4464 penitus
245 4386 410 4465 despectis:
431 4406 519 4467 porro
529 4387 728 4448 cavillationes
740 4405 815 4466 quas
829 4397 932 4447 contra
944 4387 1008 4447 baec
1020 4389 1135 4450 allaturi
1146 4405 1214 4452 sunt
1312 4393 1317 4401 '

119 4477 254 4558 exposui,
269 4495 392 4558 quarum
410 4481 497 4541 etiam
516 4489 619 4544 utros
638 4499 781 4542 memores
799 4479 861 4542 sitis
875 4499 973 4544 exoro.
995 4481 1132 4545 Secundo
1145 4485 1212 4548 loco
