2967 5017
349 317 396 380 tu
418 306 625 380 stanuum
645 319 695 380 sn
716 319 1000 380 nnmrsutunr.
1148 321 1203 381 aar

118 481 253 536 curatum
272 481 329 548 est,
343 475 397 542 sad
417 485 512 536 ratum
535 475 652 548 mansit,
676 495 833 556 aggressus
857 477 1014 555 avergam,
1032 471 1209 555 Theophemi

117 567 248 640 frehero,
262 589 329 629 cum
343 569 563 654 Theophemum
576 569 677 630 videre
690 588 749 628 non
761 587 890 650 possem
905 568 995 629 allato
1010 568 1139 640 decreto,
1151 567 1210 648 pri.-

117 679 198 720 ntum
221 662 322 740 repetii
351 671 538 733 armamenta,
559 662 690 741 jussique
713 662 771 722 hoc
798 661 991 740 Theophemo
1019 661 1209 720 renunciare:
1309 672 1314 682 '

117 751 236 825 deiude,
250 754 407 833 interjectis
420 753 524 813 diebus
538 745 658 830 aliquot,
672 763 705 812 ut
725 763 905 813 armamenta
922 773 981 812 non
994 752 1144 822 reddebat,
1157 753 1210 812 sed

117 863 166 904 me
189 846 350 916 deridebat,
365 847 486 905 testibus
507 845 643 904 adhibitis
664 865 698 904 ex
721 865 757 903 eo
778 847 956 923 quaerebam,
974 854 1069 902 utrum
1087 845 1209 922 partitus

117 949 201 996 esset
214 958 281 998 cum
295 939 393 1010 fratre,
408 957 445 996 an
459 957 529 998 vero
543 957 712 997 communes
726 936 881 996 facultates
890 935 1053 995 haberent?
1075 935 1211 1016 Respon-

117 1029 211 1089 dents
225 1031 348 1110 Evergo,
361 1033 499 1111 partitum
513 1050 579 1090 esse
594 1051 629 1090 ac
644 1030 765 1090 seorsim
783 1029 913 1090 habitare
932 1028 1165 1108 Theophemum,
1178 1049 1211 1090 se

115 1141 190 1181 vero
205 1143 319 1184 manere
334 1125 411 1204 apud
429 1136 553 1205 patrem,
571 1124 746 1196 sciscitatus,
763 1124 813 1182 ubi
834 1123 978 1182 habitaret
995 1121 1211 1202 Theophemus,

116 1225 244 1294 accepto
261 1237 279 1276 a
299 1219 470 1296 magistratu
484 1217 626 1289 ministro,
639 1215 679 1276 ad
693 1217 773 1276 aedes
786 1216 964 1296 Theophemi
977 1215 1101 1275 accessi.
1142 1215 1211 1284 Quo
1319 1239 1321 1244 ·

117 1305 200 1365 domi
215 1327 274 1368 non
294 1311 422 1377 invento.
433 1309 508 1389 jussi
522 1311 671 1371 mulierem
690 1329 757 1389 quse
773 1309 850 1369 fores
868 1309 995 1388 pulsanti
1009 1309 1212 1388 responderat,

117 1419 270 1463 accersere
284 1423 351 1463 eum
365 1405 532 1484 ubicunque
546 1417 641 1474 esset;
661 1425 736 1477 eam,
750 1425 838 1485 quam
852 1404 900 1464 isti
915 1405 1060 1464 testificati
1071 1416 1150 1475 sunt,
1159 1407 1213 1466 ob·

116 1495 222 1555 tulisse
236 1497 455 1576 Theophemum
476 1509 508 1558 et
520 1500 549 1557 in
563 1499 754 1577 quaestioaem
767 1500 838 1558 dare
851 1498 978 1558 soluisse
992 1518 1000 1556 :
1021 1517 1077 1576 ego
1090 1517 1160 1556 vero
1173 1499 1212 1558 ab

115 1587 161 1646 eis
172 1590 304 1648 obtinere
319 1610 379 1648 nou
399 1609 530 1668 possum,
549 1602 582 1648 ut
595 1611 648 1649 vos
662 1593 813 1650 veritatem
826 1590 960 1662 audiatis,
975 1600 1039 1648 uter
1059 1590 1138 1669 prior
1159 1611 1212 1669 per

112 1677 255 1760 injuriam
270 1682 352 1741 alteri
365 1701 468 1741 manus
483 1683 618 1742 attulerit.

112 1815 115 1818 -
161 1775 214 1830 11.
236 1772 280 1832 Ut
293 1782 391 1831 autern
403 1775 481 1832 venit
499 1773 714 1854 lbeophemus,
728 1773 888 1834 accersitus
910 1793 930 1833 a
949 1773 1077 1845 muliere,
1092 1776 1211 1852 postulo

111 1867 153 1926 ab
171 1883 208 1924 eo
222 1865 446 1944 descriptionem
462 1878 714 1939 armamentorum,
730 1869 822 1938 aiens,
844 1887 891 1926 me
911 1867 973 1946 jam
986 1866 1018 1925 in
1033 1885 1067 1926 eo
1090 1885 1156 1927 esse
1178 1879 1212 1929 ut

113 1957 273 2028 solverem,
288 1965 405 2015 ostenso
419 1958 445 2016 ei
459 1959 724 2019 senatusconsulto.
767 1960 843 2027 Quas
860 1959 976 2018 dicente
994 1979 1042 2018 me
1059 1979 1126 2019 cum
1142 1961 1212 2020 nihil

115 2048 268 2120 redderet,
281 2049 335 2108 sed
348 2049 528 2109 minitaretur
541 2061 571 2108 et
586 2052 718 2110 convicia
731 2051 849 2125 diceret,
859 2052 951 2131 jubeo
962 2071 1085 2130 puerum
1097 2071 1214 2126 vocare,

116 2141 141 2199 si
165 2161 240 2220 quos
261 2141 365 2200 civium
387 2142 498 2202 videret
519 2153 731 2222 praetereuntes
746 2143 783 2202 de
796 2145 854 2214 ria,
867 2154 900 2201 ut
914 2143 985 2203 mihi
1003 2154 1094 2203 testes
1113 2163 1213 2205 eorum

115 2243 219 2292 essent
231 2253 298 2312 quae
312 2233 485 2306 dicerentur,
500 2234 655 2315 denuoque
669 2236 787 2315 postulo
801 2255 819 2294 a
831 2235 1031 2313 Theophemo,
1046 2248 1080 2294 ut
1093 2238 1136 2295 uel
1150 2238 1214 2316 ipse

117 2345 167 2384 me
188 2324 227 2385 ad
249 2326 352 2385 classis
374 2327 529 2404 praefectos
549 2337 718 2404 sequeretur
741 2339 772 2386 et
795 2327 833 2387 ad
856 2326 1111 2404 sanatum-quod
1134 2329 1159 2387 si
1180 2348 1212 2387 se

116 2417 228 2478 debere
242 2419 397 2498 quicquam
413 2429 542 2498 negaret,
555 2419 611 2479 illis
627 2421 657 2477 id
672 2420 869 2498 persuaderet,
886 2422 935 2498 qui
949 2421 1096 2480 debitores
1114 2421 1213 2482 trade-

116 2521 187 2571 rent
201 2521 231 2570 et
243 2531 297 2572 uos
310 2513 347 2572 ad
358 2513 534 2590 exigendum
548 2513 772 2590 cogerent-rel
787 2523 966 2572 armamenta
976 2513 1127 2574 redderet:
1142 2514 1215 2574 alio·

117 2606 165 2684 qni
179 2623 228 2664 ma
241 2605 364 2683 pignora
375 2615 527 2682 capturum
537 2609 620 2678 jussu
634 2613 664 2662 et
677 2605 774 2682 legum
784 2615 815 2664 et
828 2605 1021 2665 decretorum.
1056 2608 1131 2665 Cum
1145 2625 1214 2666 vero

118 2700 180 2776 ipse
205 2697 276 2756 nihil
297 2697 372 2776 aequi
390 2707 529 2775 praestare
542 2696 641 2767 vellet,
656 2695 799 2755 ducebam
822 2697 969 2755 mulierem
985 2698 1065 2756 illam
1078 2698 1108 2757 iu
1119 2699 1214 2778 janua

119 2801 245 2850 stantem
260 2809 326 2868 quse
339 2808 405 2850 eum
421 2790 612 2849 accersierat:
631 2805 717 2866 quam
735 2807 801 2846 cum
820 2788 1026 2866 ‘l'beophemus
1039 2790 1109 2850 mihi
1122 2791 1215 2868 eripe·

119 2895 181 2952 τοῖς
205 2893 267 2942 turn
287 2901 345 2961 ego
363 2882 483 2940 muliere
502 2878 611 2940 omissa
627 2881 656 2939 in
676 2879 756 2939 sedes
779 2879 934 2958 ingredior,
947 2890 981 2938 ut
1005 2881 1215 2960 supellectilem

119 2975 235 3056 pignori
256 2977 556 3054 obligarem—aperta
571 2973 646 3032 euim
662 2984 724 3032 erat
733 2975 835 3050 janua,
848 2991 916 3032 cum
935 2969 1047 3031 exisset
1059 2969 1213 3052 Theophe-

118 3087 183 3128 mus
198 3078 230 3128 et
242 3086 425 3146 regressurus
439 3075 566 3140 esset-7
584 3064 732 3125 audieram
748 3067 825 3125 enim
845 3085 911 3125 eum
931 3085 991 3125 non
1011 3066 1120 3126 habere
1140 3085 1214 3126 uxo·
1319 3113 1324 3121 .

120 3181 191 3222 rem.
217 3160 354 3239 Ingresso
368 3171 466 3219 autern
480 3157 550 3217 mibi
563 3158 716 3238 colaphum
731 3159 865 3238 impingit
886 3159 915 3218 in
933 3178 967 3218 os
986 3158 1213 3238 Theophemus:

121 3275 176 3333 ego
191 3272 272 3324 vero,
295 3262 421 3312 testatus
440 3249 553 3330 eosqui
569 3250 701 3324 aderant,
716 3251 915 3310 madelando.
956 3251 1004 3309 An
1025 3263 1122 3311 autem
1144 3272 1215 3312 vera

122 3346 229 3416 dicam
243 3354 274 3404 et
299 3345 375 3423 prior
395 3362 445 3423 per
467 3343 599 3423 injuriam
625 3341 832 3422 Theophemus
856 3343 925 3402 mibi
946 3362 1049 3403 manus
1074 3344 1214 3419 attulerit,

122 3456 181 3498 non
204 3436 261 3498 alio
284 3445 457 3515 argumento
481 3435 717 3514 cognoscendum
745 3454 812 3494 esse
835 3453 909 3507 reor,
932 3453 1021 3514 quam
1042 3455 1059 3494 e
1082 3437 1215 3514 muliere,

81 3606 84 3614 Ι
121 3549 210 3609 quam
227 3539 317 3590 testes
340 3527 475 3588 dixerunt
498 3527 718 3607 Theophemum
739 3527 868 3586 voluisse
894 3528 1021 3588 tradere.
1062 3529 1107 3588 Eo
1131 3527 1214 3587 testi·

122 3623 222 3684 monio
235 3623 333 3684 niteas
347 3623 424 3702 prior
445 3621 606 3701 ingressus,
625 3640 683 3680 non
708 3621 870 3700 excipiente
891 3639 939 3680 me
961 3641 1055 3699 neque
1072 3621 1215 3700 judicium

122 3713 285 3788 differente,
308 3716 387 3794 quod
401 3716 480 3794 prius
500 3714 587 3774 etiam
601 3733 644 3773 eae
658 3733 704 3774 res
721 3713 752 3772 in
766 3713 944 3793 aliojudicio
955 3714 1026 3772 mihi
1044 3724 1215 3786 nocuerant,

123 3807 241 3886 decepit
256 3809 384 3884 judices,
406 3807 543 3879 dicendo,
557 3826 630 3884 quos
652 3826 708 3885 ego
729 3806 930 3886 produxissem
945 3815 1046 3879 testes,
1066 3825 1118 3866 eos
1131 3825 1213 3864 men·

121 3900 185 3969 tiri;
207 3900 355 3961 mulierem
370 3911 465 3960 autem
483 3899 691 3978 quaestionibus
704 3897 811 3960 habitis
825 3917 894 3958 vera
907 3899 1058 3958 dicturam.
1101 3898 1215 3963 Quibus

124 4004 220 4053 autem
234 3994 330 4053 verbis
345 4003 406 4052 tum
421 3995 627 4065 abutebantur,
641 3991 676 4050 iis
691 3992 836 4052 contraria
850 3992 948 4052 lacere
962 4010 1040 4050 nunc
1057 4009 1115 4049 non
1129 3986 1216 4051 d'ubi-

125 4093 195 4147 tant.
237 4087 394 4146 Mulierem
409 4087 496 4158 enim,
513 4107 591 4166 saepe
608 4085 670 4166 jam
690 4087 878 4165 postulatam,
890 4097 1064 4163 extorquere
1076 4105 1137 4146 nou
1150 4107 1216 4167 pos·

125 4198 196 4252 sum,
209 4188 245 4240 ut
267 4199 285 4240 e
303 4181 426 4240 testibus
448 4179 609 4240 audivistis.
650 4181 796 4246 Quoniam
815 4180 903 4256 igitur
925 4177 966 4236 illi
984 4177 1133 4238 mulierem
1154 4197 1214 4239 non

124 4274 252 4345 mount,
268 4291 357 4353 quam
380 4273 554 4352 semetipsos
569 4273 708 4332 obtulisse
722 4272 836 4343 dicunt,
854 4290 912 4349 ego
929 4271 1092 4349 producam
1113 4281 1215 4345 testes,

123 4365 171 4443 qui
184 4385 232 4427 me
245 4367 369 4447 priorem
383 4368 563 4428 uerberatum
573 4365 708 4425 viderunt
722 4385 740 4424 a
752 4364 963 4442 Theophemo:
984 4383 1022 4426 es
1033 4385 1104 4428 vero
1113 4367 1216 4451 verbe·

126 4458 197 4520 ratio
209 4469 265 4536 est,
279 4461 303 4520 si
317 4461 382 4540 quis
402 4461 479 4541 pn'or
496 4459 699 4538 perinjurium
718 4457 802 4520 alteri
822 4476 924 4519 manus
944 4458 1084 4533 attulerit,
1103 4459 1129 4518 ei
1141 4477 1216 4538 prae·
