2967 5017
248 341 307 402 ott
522 336 741 400 ADVERSUS
764 336 1070 400 PANTAENETUM.

246 515 335 575 quarn
347 495 466 556 istorum
481 493 586 554 iecisse
599 493 733 573 scripsit:
755 493 808 554 sed
821 513 869 554 me
883 494 938 554 sibi
950 503 981 552 et
993 490 1256 553 suis‘l'acultstibus
1270 493 1342 554 insi-

248 587 372 662 diatum,
386 582 543 646 mandasse
557 584 587 643 id
601 603 685 644 servo
698 603 765 645 meo
780 585 962 664 subscripsit,
976 583 1005 642 in
1019 601 1079 661 qno
1090 583 1240 642 mentitur.
1282 584 1342 653 Qui

247 679 323 739 enim
338 697 395 756 ego
408 675 546 736 mandare
560 665 650 770 potui,
664 677 724 755 qui,
738 696 804 736 cum
824 676 892 736 hinc
906 676 1059 748 solverem,
1072 674 1213 753 quidnam
1226 675 1275 735 hic
1295 677 1341 734 iu·

248 781 343 832 turum
357 779 436 830 esset
455 769 554 846 utique
577 768 770 847 ignorabam?
800 766 916 828 Deinde
928 765 1191 847 quantn'stnltitioe
1205 777 1261 840 est,
1274 787 1343 828 cum

247 879 294 920 mc
307 879 368 920 snm
383 860 517 939 dignitati
531 871 562 918 et
570 858 661 918 saluti
675 859 842 918 insidiatum
856 860 946 931 dicat,
966 859 1093 919 eundem
1107 859 1243 930 scribere,
1258 877 1343 920 servo

247 952 403 1012 mandasse
421 969 467 1022 es,
489 950 594 1028 quibus
614 969 671 1010 neo
685 951 757 1010 oivis
778 951 1010 1011 cisem'afficere
1023 949 1133 1028 questi
1167 949 1248 1017 Quid
1269 950 1343 1012 illud

247 1043 416 1122 igiturest?
431 1039 569 1120 ¹Apparet
578 1060 656 1113 eum,
670 1060 736 1100 eum
751 1042 834 1102 nulla
846 1042 957 1102 ratione
970 1040 1073 1120 posset
1087 1050 1204 1120 propter
1212 1045 1343 1120 peregri·

248 1136 395 1196 nationem
418 1133 538 1192 istorum
561 1132 591 1191 in
617 1152 665 1193 me
689 1133 849 1211 quicquam
868 1134 1032 1205 transferre,
1055 1143 1087 1192 et
1109 1151 1156 1191 me
1171 1132 1344 1194 damnari

247 1225 346 1296 vellet,
370 1243 436 1284 meo
454 1225 541 1303 jussu
563 1241 629 1282 esse
648 1225 760 1284 iactum
782 1225 982 1304 inscripsisse:
1006 1242 1103 1303 neque
1124 1224 1212 1297 enim,
1232 1225 1262 1282 ni
1285 1226 1343 1287 hoe

248 1317 376 1390 iecisset,
390 1315 480 1376 ullam
495 1333 615 1376 causam
629 1315 789 1377 habuisset.
831 1316 910 1396 Lege
921 1316 1002 1395 quod
1015 1316 1155 1394 sequitur.

674 1507 915 1569 ACCUSATIO.

250 1647 289 1702 lit,
297 1654 418 1709 postquam
430 1665 475 1710 ego
492 1665 541 1696 rum
551 1649 625 1696 iactus
637 1649 740 1704 erarius,
751 1648 866 1695 collocato
877 1612 992 1708 Antigene
1003 1663 1072 1696 serso
1089 1665 1132 1696 suo
1147 1649 1169 1696 iu
1185 1667 1236 1699 mes
1244 1651 1345 1707 olicias,

248 1737 276 1769 es
285 1738 337 1784 qum
348 1725 424 1771 estad
435 1723 591 1786 l'ompllnm,
602 1739 654 1771 mes
665 1724 699 1770 illi
709 1725 790 1781 tradit,
798 1739 834 1770 mc
847 1731 947 1772 estante.

249 1860 369 1921 Desine.
411 1861 525 1922 Rursus
546 1863 577 1921 in
597 1863 643 1921 his
659 1863 794 1923 omnibus
813 1864 931 1940 abipsa
942 1883 973 1922 re
993 1864 1137 1922 mendacii
1150 1864 1344 1924 convincitur.

248 1951 371 2029 Scripsit
384 1952 461 2012 enim
476 1971 522 2011 me
535 1953 707 2019 collocasse,
721 1971 753 2009 se
773 1962 871 2009 autem
886 1953 1029 2012 vetuisse:
1050 1971 1116 2029 quae
1136 1953 1199 2009 tisri
1220 1973 1273 2030 per
1292 1957 1346 2013 ab·

246 2053 359 2100 sentem
373 2050 533 2116 nequeunt.
570 2041 673 2117 Neque
684 2039 761 2098 enirn
775 2059 832 2116 ego
845 2040 1036 2124 collocabam,
1051 2040 1101 2119 qui
1115 2059 1208 2101 essem
1222 2043 1251 2101 in
1263 2043 1346 2104 Pon-

247 2141 289 2202 to,
303 2148 399 2207 neque
412 2129 560 2188 interdixit
573 2131 628 2188 iste
642 2147 700 2188 non
714 2130 860 2208 praesenti.
901 2133 962 2197 Qui
978 2132 1055 2191 enim
1075 2133 1237 2212 potuisset?
1267 2136 1345 2204 Quoe

247 2241 293 2280 res
307 2220 396 2300 igitur
405 2239 473 2280 eum
487 2221 584 2300 coegit
597 2219 663 2279 lraeo
677 2220 824 2280 scriberet
845 2222 988 2301 Evergus,
1005 2225 1116 2302 opinor,
1130 2243 1198 2284 cum
1211 2246 1248 2285 ea
1262 2245 1344 2287 com·
1380 2259 1386 2264 ·

247 2313 375 2372 mitteret
396 2331 520 2390 quorum
538 2331 641 2390 poenas
660 2311 754 2388 dedit,
767 2311 855 2370 homo
867 2311 937 2372 mihi
955 2326 1044 2390 notus
1059 2326 1089 2375 et
1104 2303 1265 2387 familiaris,
1282 2339 1344 2379 ser*

249 2421 317 2461 vum
339 2403 465 2479 aliquem
484 2401 573 2460 domo
590 2419 657 2460 mea
679 2402 863 2472 accersitum,
877 2403 955 2481 apud
979 2425 1021 2477 se,
1042 2406 1228 2467 custodiendi
1248 2410 1343 2488 gratia

247 2491 412 2550 collocavit.
454 2492 485 2550 Si
506 2491 594 2569 igitur
615 2511 715 2550 verum
740 2493 913 2573 scripsisset,
935 2496 1088 2557 ridiculum
1117 2499 1240 2559 inisset:
1274 2521 1342 2580 qum

248 2582 324 2640 anim
349 2597 416 2640 mea
431 2580 519 2660 culpa
533 2593 590 2653 est,
609 2583 633 2640 si
656 2583 787 2662 Evcrgus
800 2587 974 2647 constituit?
995 2589 1030 2647 ld
1045 2589 1171 2668 fugiens,
1186 2591 1257 2651 talia
1270 2595 1343 2653 scri·

247 2673 317 2731 bere
324 2681 451 2732 coactus
465 2684 521 2745 eet,
534 2682 569 2732 ut
578 2691 691 2734 mecum
703 2693 791 2753 agere
800 2675 914 2754 judicio
926 2690 1037 2759 posset.
1079 2682 1158 2762 Lege
1170 2693 1285 2744 coetera.

622 2885 627 2903 ’
671 2869 917 2929 AGCUSATlO.

249 2991 279 3038 Et
291 2993 406 3053 {rennuit
418 2992 474 3040 racis
485 2993 576 3041 famulis
591 2994 649 3066 nt‘in
661 2995 808 3040 cenchmons
820 2997 927 3049 sederem
938 2999 1056 3060 supplicas
1067 3002 1091 3048 in
1102 3004 1204 3051 tanuen
1214 3021 1297 3054 meam.

248 3109 369 3186 Desine.
411 3127 477 3184 Hoc
491 3127 552 3202 jam
572 3126 690 3186 omnino
708 3088 862 3205 impudens
884 3139 940 3191 cst.
978 3133 1047 3194 Non
1067 3137 1143 3196 enim
1162 3159 1199 3199 ex
1216 3161 1253 3201 eo
1266 3145 1344 3205 dun-

223 3228 231 3240 ·
248 3224 329 3273 taxat
342 3215 422 3291 quod
442 3233 493 3273 eos
510 3213 539 3271 in
553 3217 747 3292 quaestionem
762 3212 925 3297 postulatos
939 3223 1008 3284 dare
1023 3226 1126 3302 noluit,
1143 3232 1196 3291 sed
1210 3236 1342 3315 undique

247 3304 435 3382 perspicuum
448 3315 495 3364 cst
508 3323 574 3382 esse
587 3308 784 3368 mendacium.
826 3312 894 3380 Qua
906 3314 983 3374 enim
997 3318 1034 3376 de
1047 3338 1138 3380 causa
1150 3343 1200 3383 eos
1213 3326 1341 3404 pellicie-

247 3391 339 3452 banri
376 3393 416 3452 llt
431 3395 542 3455 scilicet
555 3416 606 3457 eos
620 3399 766 3459 emerem?
797 3403 837 3460 At
850 3406 968 3483 optione
982 3409 1052 3468 mihi
1067 3412 1137 3472 data
1150 3416 1197 3473 vel
1211 3417 1341 3478 habendi

247 3483 293 3542 rel
308 3485 423 3544 emendi
436 3486 483 3546 vel
497 3487 653 3567 recipiendi
668 3511 778 3562 meum,
793 3497 922 3575 recipere
937 3518 1035 3560 meum
1052 3504 1148 3578 malui,
1163 3517 1194 3565 et
1211 3507 1274 3569 lrmc
1288 3529 1348 3590 per,

248 3583 336 3634 testes
349 3577 474 3653 probata
487 3590 565 3639 sunt.
607 3581 666 3640 Sed
680 3583 772 3643 recita
784 3593 881 3645 tamen
894 3582 1138 3667 pmvocstionem.

627 3755 630 3760 ’
655 3781 938 3846 raovocanro.

249 3904 314 3964 Hac
337 3906 426 3984 igitur
447 3909 652 3987 provocatione
667 3931 726 3971 non
751 3925 884 3993 accepts,
899 3918 952 3978 sed
970 3867 1130 3998 repudiata,
1145 3919 1340 4008 considerate,

247 3994 334 4070 quale
346 3997 441 4058 statim
455 4008 522 4078 post
535 3997 600 4059 hoee
614 4001 725 4062 crimen
739 4003 890 4083 impingat
932 4006 1010 4086 lege
1023 4013 1103 4088 quod
1117 4001 1258 4095 sequitur.
1298 4003 1303 4011 ⁴

667 4203 909 4268 Accusatio,

248 4315 280 4402 lit
296 4319 438 4380 consumpsit
453 4327 541 4384 argenti
562 4343 657 4386 murus,
670 4345 726 4392 quas
746 4333 793 4379 mci
813 4335 875 4381 servi
893 4337 1050 4396 contioiebsnt,
1062 4349 1084 4389 et
1096 4353 1215 4404 argentum
1226 4348 1293 4395 labet
1305 4367 1336 4396 ex

247 4391 294 4440 illus
305 4393 388 4440 masma
399 4398 535 4460 oonisotnm.
