2967 5017
297 306 356 365 tas
570 308 738 376 CONTRA
759 308 1115 381 momorderunt.

297 458 463 541 desipienti,
481 472 512 525 et
526 464 735 527 nenseetiones
757 484 826 527 corn
846 465 963 545 redqnis
986 462 1179 533 creditoribus
1201 460 1262 523 huc
1284 460 1384 524 conte·

296 554 391 615 renti:
412 554 464 618 sed
486 555 525 618 ed
542 558 736 637 syngrapham
759 578 827 619 eom
848 568 995 633 resooste,
1016 568 1047 619 et
1066 556 1107 618 sd
1127 575 1168 620 es.
1180 554 1248 636 jors
1265 571 1336 633 qun
1356 553 1384 612 io

295 646 463 727 syngrephe
476 650 674 710 continentur.

340 740 386 797 10.
409 738 483 800 Nsrn
497 740 572 801 iilud
585 740 654 802 rnihi
667 742 792 820 emplius
804 742 950 803 edocendi
968 742 1049 813 estis,
1062 761 1123 821 qno
1136 740 1191 801 iste
1202 736 1384 819 potissimum

295 826 404 903 nitito,
419 849 563 904 deserens,
576 844 749 896 conservata
760 852 845 907 nere,
857 833 1039 896 reddendum
1051 853 1118 894 esse
1134 840 1279 892 motuum.
1322 827 1384 891 Nos

186 956 198 979 ι
294 938 409 999 quoqne
431 924 608 987 contendere
630 926 673 985 sio
693 944 760 986 esse
779 925 956 987 iseiendnrn.
997 926 1097 986 Lubet
1112 934 1209 986 nutem
1229 943 1268 983 ex
1290 921 1384 1001 teipso

292 1031 435 1091 querere,
448 1027 545 1079 unum
563 1018 601 1079 de
618 1036 691 1077 nave
706 1027 739 1077 ut
759 1018 881 1097 perdita,
895 1038 934 1078 en
948 1037 1017 1078 sero
1030 1029 1065 1077 nt
1076 1019 1115 1078 de
1135 1014 1272 1077 incolumi
1290 1014 1383 1075 disse·

293 1104 363 1167 resi
394 1106 468 1167 Naro
484 1110 508 1169 si
522 1110 603 1171 nevis
618 1121 757 1189 corrupte
770 1120 816 1169 est
828 1120 916 1189 atqrm
930 1110 1046 1183 interiit,
1059 1108 1130 1189 quid
1150 1109 1188 1171 de
1201 1107 1296 1167 usuris
1313 1125 1382 1167 con·

293 1198 400 1269 tendis,
425 1209 457 1261 et
480 1202 553 1281 potis
580 1213 613 1263 ut
637 1222 739 1273 usuros
762 1201 947 1265 Rhodienses
969 1200 1168 1281 accipiamus?
1198 1201 1298 1269 Quom
1326 1218 1382 1259 nee

293 1308 462 1357 usurasneo
476 1306 582 1355 sortem
596 1316 648 1359 nos
664 1296 792 1375 recipere
804 1296 970 1357 conveniet.
1003 1296 1055 1355 Sin
1070 1293 1223 1355 incolomis
1241 1304 1288 1353 est
1302 1292 1383 1353 neris

290 1393 323 1443 et
336 1402 395 1451 non
408 1384 524 1461 interiit,
538 1406 591 1449 cur
603 1388 686 1449 nobis
698 1390 851 1467 peouoinrn
865 1408 925 1449 non
939 1387 1046 1460 reddis,
1059 1406 1148 1467 qoem
1167 1386 1198 1447 in
1217 1384 1384 1467 syngrapho

294 1478 474 1555 promisisti?

337 1570 383 1631 ll.
406 1570 492 1633 Unde
506 1572 593 1652 igiter
607 1572 768 1633 certissime
776 1569 972 1651 cognoscetis,
985 1570 1191 1642 Athenienses,
1201 1588 1382 1634 novennem

292 1665 514 1725 conservatam?
545 1666 674 1726 Maxime
694 1684 732 1725 ex
760 1684 797 1725 eo
817 1664 883 1745 ipso
906 1664 986 1743 qood
1009 1684 1044 1725 en
1067 1663 1099 1723 in
1119 1662 1305 1741 nssigsrions
1326 1672 1382 1733 est,

293 1774 388 1835 neque
411 1758 505 1825 minus
528 1769 625 1820 temen
648 1778 685 1819 ex
707 1756 777 1838 ipsis
802 1758 923 1819 istorum
946 1756 1052 1819 verbis.
1091 1753 1246 1817 Postnlsnt
1269 1756 1383 1816 enimn

293 1849 375 1909 nobis
390 1862 423 1910 ut
436 1864 543 1913 sortem
558 1852 730 1933 recipiemus
743 1862 774 1911 et
787 1863 897 1930 partem
910 1850 1056 1930 quendem
1077 1868 1238 1919 nsnmrum,
1259 1856 1293 1907 nt
1305 1867 1382 1927 quse,

292 1960 360 2003 curn
372 1944 506 2014 eraserit,
522 1964 581 2004 uon
595 1955 692 2005 temen
706 1961 822 2003 omnem
836 1960 953 2001 cursum
966 1941 1133 2003 obediverit.
1174 1942 1313 2019 Spectete
1330 1958 1381 1999 eo·

292 2042 361 2102 tom,
374 2032 578 2103 Athenienses,
593 2053 694 2103 nosne,
704 2052 742 2093 en
757 2032 806 2093 isti
820 2030 995 2111 syngrapha·
1006 2034 1072 2109 jure
1083 2041 1210 2103 utantur,
1222 2033 1272 2111 qui
1285 2050 1381 2111 neque

289 2124 321 2183 in
332 2122 522 2184 constitutum
535 2135 694 2187 merentum
710 2123 893 2202 navigarunt,
907 2123 961 2184 sed
975 2124 1112 2185 Rhodum
1125 2136 1154 2192 et
1165 2125 1195 2185 in
1205 2124 1380 2205 AEgyptnnni

291 2213 331 2275 Et
343 2226 515 2279 conserente
528 2236 611 2286 nese,
627 2234 685 2276 non
702 2216 825 2296 perdite,
837 2235 871 2276 se
888 2216 1086 2280 remissionem
1107 2235 1262 2279 usorsrunr
1279 2218 1379 2280 insen·

290 2320 371 2368 turos
384 2317 502 2387 sperent
520 2307 687 2389 syngrapha
699 2308 817 2378 violate,
830 2326 897 2367 oum
916 2306 971 2386 ipsi
992 2328 1029 2377 ex
1048 2307 1235 2386 navigatione
1254 2309 1380 2378 frumen

288 2399 363 2461 teris
382 2399 544 2459 Rhodiensi
569 2418 693 2477 magnos
715 2409 845 2477 questus
864 2398 994 2472 iecerint,
1017 2410 1206 2478 neonemque
1225 2404 1381 2479 pensius

289 2490 414 2551 soterum
424 2491 485 2571 jem
500 2510 608 2553 unum
623 2500 744 2551 teneant
755 2500 785 2551 et
798 2501 962 2556 exercerent.
1005 2491 1121 2553 Novum
1136 2501 1234 2559 autern
1248 2501 1280 2553 et
1293 2493 1379 2558 innsi·

288 2592 384 2645 tetum
397 2582 536 2663 quiddam
550 2583 596 2643 isti
614 2582 782 2651 rnolinntnr.
826 2583 902 2644 Nnrn
920 2604 1010 2664 quum
1030 2595 1137 2653 sortem
1159 2584 1294 2664 pecunie
1313 2599 1378 2649 nnus

290 2686 349 2737 tuse
362 2676 456 2749 nobis,
470 2685 502 2739 nt
514 2685 629 2746 servate
646 2694 730 2749 nave,
750 2676 919 2740 restituent:
940 2678 1037 2739 usuris
1055 2676 1234 2740 irstdmdos
1246 2688 1377 2752 oswui,

289 2778 427 2848 teoqonnr
442 2768 567 2851 perdite.
607 2768 781 2849 Syngrephn
793 2789 862 2830 vero
874 2789 934 2830 non
947 2770 1030 2831 eliud
1041 2770 1112 2834 dicit
1123 2771 1162 2831 de
1178 2768 1286 2845 usuris,
1297 2769 1378 2838 diod

288 2860 327 2923 de
340 2873 417 2925 sorte
430 2872 551 2924 mutos:
574 2861 626 2931 ssd
638 2862 804 2929 commosin
812 2862 880 2942 jura
892 2862 930 2923 de
940 2863 988 2931 his
998 2863 1129 2941 utrisque
1140 2872 1220 2950 sont,
1232 2872 1265 2926 et
1273 2862 1376 2936 eedem

288 2954 461 3034 reposcendi
475 2964 614 3033 potestus.
655 2953 763 3016 Recite
775 2953 844 3012 mihi
859 2952 957 3018 denno
969 2954 1177 3035 syngrapham.

700 3115 965 3180 SYNGRAPHA.

319 3260 414 3309 Athenis
424 3260 449 3308 in
460 3260 598 3323 Ruptum,
609 3268 633 3309 st
643 3276 673 3309 ss
685 3262 789 3325 AEupto
801 3262 910 3309 Asines.

286 3371 410 3444 Auditis,
425 3372 632 3457 Athenienses,
648 3376 837 3449 Athenis,
851 3375 954 3454 inquit,
976 3372 1015 3433 in
1032 3374 1252 3459 Egyptnnn
1270 3384 1311 3437 et
1330 3396 1373 3440 ex

287 3464 457 3557 AEgypto
483 3466 678 3528 Athenas.
719 3468 908 3548 Dioreliqos.

694 3620 955 3683 SYNGRAPHA.

283 3747 397 3796 lrrooiosni
408 3763 569 3796 revomuere
579 3749 601 3795 in
614 3748 737 3799 Piraeon.

281 3860 415 3939 indices,
435 3860 527 3924 tediis
551 3860 670 3935 omnino
694 3862 768 3930 retio
780 3862 861 3933 robis
880 3868 926 3923 est
941 3862 1026 3938 trojrrr
1040 3876 1139 3924 oense
1158 3860 1373 3941 dijudicandos

225 4004 228 4014 ,
281 3952 594 4035 nequennltisrerbis
610 3962 657 4017 est
670 3971 755 4034 opns.
797 3954 910 4025 Narem
928 3950 1111 4021 enimiuisse
1130 3965 1373 4033 oonoenntsrnet

279 4066 346 4108 esse
366 4046 551 4123 ineolumem,
565 4045 652 4121 etism
672 4045 719 4107 isti
741 4046 797 4127 ipsi
809 4047 1001 4111 confitentur:
1019 4042 1127 4125 nlioqni
1148 4065 1245 4128 neque
1262 4059 1372 4119 sortem

280 4138 436 4216 redderent
452 4158 506 4201 nec
524 4157 673 4203 usurarum
687 4150 799 4218 portem
816 4139 917 4212 uilem.
959 4138 1003 4198 Ao
1027 4157 1086 4198 non
1107 4139 1251 4219 perdocte
1272 4153 1319 4208 est
1339 4142 1372 4216 in

278 4228 431 4305 Pirnsenm.
472 4232 659 4313 Eoipsonos
680 4230 838 4296 creditores
860 4230 992 4308 injuriam
1012 4230 1138 4299 doinus
1156 4232 1220 4296 teri
1231 4235 1328 4309 nobis,
1340 4244 1372 4302 et

275 4307 328 4386 dos
341 4339 523 4397 accusemus,
534 4326 613 4405 qnod
626 4327 658 4386 in
671 4325 861 4388 constitutum
874 4336 1035 4385 merentum
1046 4342 1107 4383 non
1120 4326 1274 4407 sppnierit.
1295 4326 1369 4394 Dio·

275 4413 439 4497 nysodorus
452 4426 550 4491 autern
564 4439 594 4478 se
608 4416 729 4497 peceare
744 4428 833 4497 neget
846 4426 963 4498 psopter
976 4415 1033 4477 hoc
1047 4415 1159 4497 ipsun:
1179 4437 1276 4501 usqne
1288 4419 1368 4481 enirn
