2967 5017
456 334 641 407 ,cosm
662 333 880 397 CONONEH.
1151 337 1212 397 719

121 486 171 549 isti
186 489 250 567 jan
273 488 737 571 bmbabontnr,1phrumque·in
755 508 864 572 000000
880 486 1214 570 nosnospedissequos,

121 580 243 643 undem
255 582 343 661 etiarn
361 584 392 642 in
406 582 613 663 nosmetipsos.
653 582 724 645 Illos
747 582 826 643 enim
847 581 918 643 dum
933 581 1214 661 ,0110000οη001ωο

121 672 276 734 1000οι000
283 674 433 748 conviciis,
446 674 585 756 quicquid
598 674 640 735 eis
655 676 687 735 in
696 676 822 735 buccam
839 674 986 746 veniebat,
1002 673 1214 755 0000100000,οἱδὶ

119 774 281 827 senecam
297 766 444 840 dicerent,
457 777 489 829 00
499 766 624 847 ,maiolis
646 770 795 847 petebant,
815 777 847 828 et
865 767 1095 846 permingebont.
1117 784 1214 845 neque

121 856 215 917 ullum
233 860 402 937 petulantia
422 870 519 939 'genus
542 870 594 921 sut
620 859 805 921 contumelia
828 859 1105 939 pretermittebant..
1130 858 1214 927 2Quoe

118 968 256 1011 nonnum
270 950 434 1013 rideremus
445 963 480 1013 et
491 970 570 1033 agre
582 952 735 1023 sciremus,
749 952 875 1032 primum
888 950 1152 1014 dissimulavimus:
1167 961 1214 1021 ‚ut
1303 953 1307 961 '

119 1034 222 1101 aulem
233 1062 288 1103 nes
301 1046 521 1107 subsannabarit
537 1064 633 1125 neque
650 1044 835 1118 desinebant,
852 1044 922 1105 duci
938 1061 999 1104 rem
1011 1043 1213 1118 indicarimus,

117 1154 250 1215 eumque
269 1138 470 1199 communiter
483 1158 584 1199 omnes
607 1137 832 1199 contubemnlcu
853 1138 1053 1207 convenimus,
1076 1156 1141 1197 non
1156 1148 1214 1215 epo

118 1227 245 1287 seumim
258 1229 296 1289 ab
312 1228 391 1292 aliis·
432 1230 489 1298 Qui
513 1250 580 1289 curn
604 1248 655 1291 eos
677 1228 863 1309 objurgasset
878 1238 909 1288 et
925 1246 1025 1289 eorum
1037 1226 1213 1289 0000000110οι

118 1332 291 1383 0000000000
317 1340 377 1381 000
401 1322 439 1381 ob
457 1340 494 1381 ea
515 1321 611 1383 solum
629 1322 666 1383 de
687 1320 793 1401 quibus
814 1341 869 1382 nos
892 1321 988 1400 quasti
1005 1340 1146 1390 smmum.
1159 1319 1214 1381 sed

117 1424 239 1495 propter
260 1415 357 1475 omnia
377 1433 479 1475 eorum
498 1416 527 1475 in
547 1418 674 1477 exercitu
693 1416 773 1477 edita
790 1416 929 1489 facinora,
943 1426 1058 1477 tntum
1074 1415 1170 1475 ubisit
1181 1423 1215 1473 ut

118 1504 289 1567 desinerent
300 1521 353 1567 aut
363 1508 580 1581 ¹erubescerent,
592 1518 635 1581 ut,
653 1528 720 1569 cum
734 1510 857 1587 primum
868 1511 996 1570 tenebrae
1008 1510 1215 1576 somniassent,

116 1599 220 1657 statim
242 1600 272 1657 in
292 1619 345 1659 nos
364 1602 469 1661 eodem
491 1600 539 1659 die
561 1600 674 1679 vesperi
694 1602 833 1679 impetum
852 1602 982 1662 iecerint.
1024 1600 1068 1659 Ac
1089 1598 1214 1677 primum

114 1690 345 1760 maledixerunt,
365 1691 483 1752 tandem
496 1692 663 1751 verberibus
678 1692 766 1751 ctiam
785 1712 832 1751 me
852 1692 1030 1751 affecerunt:
1049 1699 1081 1750 et
1100 1699 1213 1749 tautum

113 1779 279 1839 clamorem
294 1792 324 1840 et
338 1781 493 1842 tumultum
507 1782 584 1842 circa
594 1783 749 1855 tentorium
764 1783 936 1855 excitarunt,
943 1792 978 1841 ut
986 1792 1017 1841 et
1030 1781 1090 1841 dux
1103 1791 1135 1841 et
1146 1800 1215 1842 cen-

112 1870 250 1933 turiones
274 1873 405 1935 venirent
427 1884 458 1933 et
479 1874 599 1942 aliorum
620 1874 746 1937 militum
763 1874 892 1955 quidam,
907 1875 958 1954 qui
980 1873 1155 1935 obstiterunt
1175 1894 1214 1935 ne

115 1960 193 2041 quid
206 1958 234 2021 iu
249 1982 303 2023 nos
318 1966 434 2043 gravius
448 1968 643 2039 consulerent,
658 1977 709 2027 aut
726 1987 745 2025 a
758 1968 841 2027 nobis
853 1977 1031 2047 paterentur,
1049 1986 1087 2027 ea
1105 1966 1214 2029 debac-

113 2053 394 2134 chationeirritatis.
437 2058 482 2117 Re
502 2058 647 2121 hactenus
663 2079 828 2139 progressa,
842 2070 877 2118 ut
895 2058 953 2118 huc
973 2058 1138 2130 redivimus,
1152 2060 1213 2135 irie,

116 2148 230 2207 utheri
243 2148 413 2220 solet,inter
427 2169 481 2209 nos
495 2161 526 2209 et
538 2150 695 2211 inimicitiae
710 2172 781 2212 sane
795 2153 924 2212 suerunt.
960 2151 1030 2211 Non
1045 2161 1143 2213 tamen
1157 2172 1213 2233 ego

116 2240 168 2301 rel
189 2240 218 2301 in
239 2241 289 2322 jus
308 2262 359 2303 eos
377 2254 530 2323 propterea
542 2246 702 2320 vocandos,
715 2246 761 2305 vel
782 2246 870 2305 ullam
891 2246 1032 2305 rationem
1048 2244 1214 2322 habendam

117 2353 220 2395 eorum
241 2355 307 2415 qua
330 2335 508 2408 acciderant,
528 2340 688 2416 putabam:
710 2338 764 2399 sed
783 2338 856 2398 illud
876 2340 994 2399 omnino
1017 2338 1213 2414 decreveram,

118 2444 226 2485 cavere
240 2446 274 2487 ac
289 2427 358 2487 dare
371 2420 491 2507 operam
505 2449 543 2488 ne
557 2430 682 2509 posthac
696 2431 725 2489 10
740 2431 849 2491 similes
862 2430 995 2491 homines
1007 2431 1174 2493 inciderem.

164 2520 192 2577 3.
214 2517 353 2578 Exhibito
367 2519 453 2598 igitur
466 2520 496 2578 in
509 2522 609 2600 primis
625 2522 662 2581 de
676 2520 732 2596 his,
747 2544 814 2603 quie
823 2522 895 2595 disi,
910 2524 1086 2596 testimonio,
1100 2535 1212 2605 postea,

118 2630 189 2691 quse
209 2612 246 2671 ab
269 2612 325 2671 isto
343 2612 397 2671 sim
419 2631 584 2691 perpessus,
604 2614 767 2686 ostendam,
789 2627 822 2675 ut
834 2617 943 2689 sciatis,
956 2636 1033 2691 eum,
1051 2619 1099 2679 cui
1120 2619 1214 2699 prims

117 2703 230 2809 delicte
249 2703 423 2784 castiganda
446 2705 581 2776 fuissent,
605 2706 699 2785 ipsum
720 2708 845 2787 priorem
866 2708 960 2769 multo
978 2711 1121 2771 atrociora
1133 2730 1214 2771 com·
1314 2756 1318 2763 -

118 2816 245 2857 misisse.

532 2951 800 3011 TESTIMONIA.

121 3076 197 3146 Qua
209 3073 300 3155 igitur
312 3092 431 3154 prorsus
451 3070 630 3153 negligenda
643 3091 709 3131 esse
730 3070 812 3141 duxi,
830 3068 896 3131 hac
909 3079 989 3130 sunt.
1031 3068 1101 3131 Non
1120 3070 1212 3133 multo

120 3180 217 3229 autem
232 3177 301 3248 post
321 3166 528 3228 deambulante
550 3187 608 3239 me,
622 3185 675 3244 pro
693 3184 774 3225 more
792 3181 868 3237 meo,
881 3163 995 3243 vesperi
1015 3162 1046 3223 in
1066 3164 1129 3224 foro
1146 3183 1213 3225 cum

120 3258 318 3321 Phanostrata
334 3258 526 3341 Cephisiensc
540 3257 669 3339 quodam
682 3256 848 3337 equalium,
861 3256 991 3335 preterit
1003 3255 1119 3316 Ctesias
1137 3257 1214 3317 iilius

120 3344 215 3427 istius,
229 3351 335 3425 ebrius,
350 3350 428 3412 circa
438 3350 620 3424 1000011010,
634 3369 724 3430 prope
740 3348 900 3429 Pythodori
910 3348 998 3409 sedes.
1017 3348 1214 3430 conspicatus

121 3456 220 3505 autem
242 3464 307 3514 nos,
322 3442 450 3503 clamore
468 3443 593 3515 sublato,
612 3462 769 3521 secumque
790 3460 972 3525 murmurans
993 3460 1072 3503 more
1088 3441 1214 3503 bominis

121 3538 243 3609 ebrii,'ut
256 3556 316 3595 000
325 3535 554 3615 intelligeremus
564 3532 965 3615 quidloqueretur,prseteriit
975 3534 1098 3594 Meliten
1113 3553 1214 3595 versus

120 3628 323 3689 adscendens:
354 3638 489 3707 poteraut
510 3636 609 3687 autem
634 3626 758 3687 ibi-sic
781 3625 857 3685 enirn
879 3635 983 3705 postea
1005 3626 1215 3707 accepimus-

122 3721 200 3802 apud
218 3721 402 3803 Pamphilum
430 3718 582 3793 fullonem,
597 3720 714 3794 Conon,
734 3718 907 3779 Theotimus
928 3717 1058 3797 quidam,
1072 3716 1214 3778 Archebi-

16 3864 17 3885 ,
122 3814 204 3887 ades,
218 3814 392 3895 Spintharus
406 3812 515 3875 Eubuli
528 3812 615 3886 iilius,
629 3813 804 3892 Theogenes
818 3809 1017 3871 Andromenis
1030 3809 1117 3882 filius,
1130 3808 1215 3870 multi

16 3914 17 3919 ’
121 3908 186 3977 01110
208 3908 314 3989 quibus
329 3906 444 3977 Ctesias
461 3906 615 3968 concitatis
628 3907 659 3966 in
672 3907 768 3966 iorum
781 3905 870 3964 venit.
914 3904 962 3964 Sic
981 3914 1078 3963 autern
1096 3902 1215 3977 accidit,

16 4012 18 4035 l
122 3999 203 4061 nobis
221 4020 240 4060 o
262 3998 446 4084 Proserpina
461 4001 530 4061 fano
550 4000 759 4060 revertentibus
782 4008 811 4059 00
828 3995 1093 4068 deambulantibus,
1106 4006 1140 4055 ut
1152 4015 1215 4056 rur·

123 4112 185 4153 sum
198 4112 291 4175 prope
305 4094 401 4175 ipsum
423 4094 594 4155 Leocorium
608 4112 751 4165 essemus,
764 4090 838 4152 etin
851 4092 924 4152 istos
937 4086 1139 4149 incideremus.
1175 4088 1216 4148 Ut
1266 4126 1275 4167 .·

124 4196 218 4247 autem
241 4187 391 4267 congressi
408 4206 519 4257 sumus,
542 4206 618 4246 unus
643 4205 753 4257 eorum,
778 4183 896 4265 quidam
917 4182 1004 4242 horno
1027 4181 1157 4261 ignotus,
1184 4182 1215 4243 in

19 4327 23 4338 .
124 4276 351 4340 Phanostratum
366 4278 449 4338 irruit
467 4298 592 4358 eumque
609 4278 740 4338 detinet:
763 4278 868 4335 Conon
887 4284 985 4334 sutem
1008 4284 1039 4333 et
1055 4272 1132 4333 filius
1151 4275 1216 4356 ejus

123 4379 153 4429 et
171 4372 364 4432 Andromenis
393 4372 481 4455 lilius,
498 4370 529 4430 in
553 4390 600 4430 me
617 4370 697 4432 iacto
720 4372 842 4450 impetn,
863 4366 989 4448 primum
1009 4386 1057 4426 me
1079 4378 1216 4442 exsnunt,

124 4460 228 4525 deinde
237 4463 457 4545 supplantatum
471 4474 502 4525 ct
514 4473 690 4545 prostratum
709 4464 739 4524 10
751 4474 869 4523 coeuum
888 4463 931 4522 sic
952 4469 1114 4522 tractarunt
1125 4460 1216 4520 insul-
