2967 5017
229 283 289 394 suo
615 331 697 392 rso
720 331 985 415 rnonnroun.

229 487 356 568 sinetis,
370 487 396 548 si
409 489 480 569 quid
494 499 637 569 preterea
650 489 731 549 vobis
745 487 905 550 debuisset
935 488 1030 565 Atque
1043 495 1078 546 ut
1089 485 1155 544 lsesc
1167 502 1237 546 vere
1248 501 1325 544 senc

228 579 285 639 dici
298 588 467 653 consutus
483 582 571 642 istum
589 601 656 643 cum
672 583 763 642 fratre
774 600 867 662 puero
880 581 1039 640 etismnmn
1052 577 1187 638 divisisse
1200 576 1325 636 haredi-
1364 624 1368 631 .

227 679 327 744 mem,
346 691 453 752 eosque
470 673 549 734 hone
563 684 594 734 et
611 674 755 734 locutione
768 683 799 734 et
812 673 948 736 omnibus
969 671 1034 731 eliis
1057 671 1228 746 criminibus
1250 669 1324 729 libe·

228 764 475 844 mse.eepenoe
486 765 693 826 testimonium.
1320 782 1324 791 ¹

622 931 933 993 TESTIMONIUM.

267 1075 296 1131 4.
318 1071 424 1131 Statim
451 1071 549 1150 igitur,
570 1071 776 1143 Athenienses,
800 1078 833 1132 ut
852 1069 922 1132 huic
943 1068 1119 1130 locationem
1143 1069 1323 1142 remiserunt,
1347 1137 1357 1148 ἱ
1426 1103 1432 1111 ·

225 1161 359 1224 dividunt
371 1182 501 1236 mensem
516 1176 546 1224 et
558 1177 708 1226 scutorum
725 1165 886 1232 officinam:
908 1176 1006 1242 utque,
1028 1161 1148 1242 optione
1164 1162 1246 1235 dete,
1257 1163 1324 1222 offi-

225 1255 321 1315 cinam
343 1275 450 1316 menses
469 1259 586 1336 prefert
603 1257 812 1337 Apollodorus.
853 1257 929 1326 Qum
952 1257 977 1316 si
1000 1273 1089 1335 quum
1108 1253 1252 1333 privatum
1273 1273 1324 1332 pe·

225 1347 341 1408 cuniam
354 1347 385 1408 et
399 1357 507 1408 sortem
520 1348 681 1422 habuisset,
702 1371 755 1412 our
768 1351 848 1410 illem
862 1369 950 1430 quem
966 1349 1045 1412 hene
1063 1346 1239 1408 moluisseti
1259 1345 1324 1407 Ne·

226 1458 284 1516 que
302 1439 379 1499 enirn
399 1449 557 1520 proventus
576 1453 639 1502 eret
660 1443 793 1522 amplior,
807 1441 862 1504 sed
881 1441 984 1514 minor,
1005 1460 1075 1502 nem
1093 1439 1210 1500 officina
1229 1438 1325 1500 telen-

225 1539 298 1604 tum,
322 1551 425 1592 mense
446 1543 565 1592 centum
592 1534 685 1593 mines
716 1534 880 1613 pendebot;
908 1553 1003 1612 neque
1026 1533 1130 1593 luisset
1151 1531 1228 1592 illius
1254 1551 1325 1611 pos·

224 1623 316 1684 sessio
324 1623 492 1703 jucundior,
510 1626 535 1684 si
558 1643 660 1686 mense
678 1626 832 1704 pecuniem
852 1624 1175 1706 priuetemhsbuisset,
1189 1623 1244 1684 sed
1263 1641 1323 1686 nou

226 1715 337 1776 hebuit.
366 1719 370 1727 '
388 1717 573 1796 Quapropter
593 1718 650 1778 iste
673 1717 833 1798 prudenter
854 1717 1003 1780 officinam
1026 1716 1173 1796 proetulit:
1196 1736 1265 1777 nem
1287 1735 1324 1777 es

225 1808 373 1886 possessio
394 1819 439 1867 est
460 1817 544 1868 extre
562 1810 734 1886 periculum,
755 1820 886 1888 quaestus
908 1818 1008 1868 nutem
1030 1809 1190 1868 mensurius
1213 1809 1324 1886 reditus

224 1895 315 1958 hebet
335 1897 516 1978 periculosos
538 1898 575 1956 de
599 1901 728 1974 pecuniis
754 1900 866 1957 alienis.
908 1897 1007 1958 Multo
1023 1896 1083 1956 'dici
1100 1908 1132 1956 et
1153 1899 1271 1959 usundi
1286 1899 1326 1960 si-

225 2007 287 2066 gne
305 1998 441 2068 possunt,
455 2007 508 2066 per
527 2005 593 2064 quse
609 1998 760 2066 sppereet,
780 1990 818 2046 eb
840 1987 899 2046 isto
921 2007 974 2064 per
992 1987 1169 2048 columniam
1191 1993 1325 2052 eccussri

226 2078 443 2138 Phormionem.
496 2077 557 2136 Sed
579 2076 638 2140 hoo
664 2095 720 2154 ego
747 2076 874 2137 maxinm
888 2077 1031 2139 omnium
1057 2089 1232 2158 argumento
1256 2099 1325 2141 esse

225 2177 307 2248 puto,
331 2168 409 2227 hune
433 2167 546 2228 nullam
567 2167 722 2249 pecuniam
743 2187 780 2227 eo
804 2170 921 2230 nomine
944 2170 1104 2251 accepisse,
1126 2171 1207 2252 quod
1227 2174 1258 2234 in
1278 2171 1325 2234 lo·
1380 2187 1384 2192 ’

224 2259 340 2324 cutione
354 2259 496 2340 scriptum
514 2268 570 2333 est,
584 2259 691 2320 dehere
708 2259 796 2321 etiem
811 2260 964 2324 Pusionem
981 2262 1021 2324 ed
1034 2282 1175 2336 mensem,
1190 2283 1250 2325 non
1271 2265 1325 2327 dc-

225 2354 304 2414 disse
316 2353 384 2414 huic
398 2353 561 2432 pecuniam.
604 2351 720 2416 Deinde
733 2352 816 2433 quod
829 2354 918 2415 istum
932 2355 1004 2415 nihil
1023 2356 1053 2416 in
1073 2355 1267 2418 lrerciscundu
1279 2359 1323 2418 lu-

226 2445 453 2523 miliequestum
467 2462 534 2504 esse
547 2453 673 2504 constet.
697 2473 700 2478 ·
715 2444 882 2521 Postremo,
895 2448 976 2529 quod
989 2467 1058 2507 eum
1072 2448 1175 2510 eedem
1185 2448 1324 2510 hseceliis

226 2537 382 2609 locantem,
397 2537 540 2596 tantidem
554 2537 670 2598 locasse
679 2537 783 2616 liquet,
791 2541 919 2619 munis
930 2540 968 2606 de
982 2558 1037 2602 suo
1051 2539 1135 2600 nulle
1147 2542 1325 2602 conducenti

225 2627 429 2709 suppeditato:
451 2629 530 2709 quod
546 2628 571 2688 si
584 2630 622 2690 sb
640 2629 697 2692 hoc
717 2632 845 2710 pecunie
863 2631 890 2693 ei
908 2651 926 2692 n
947 2642 1030 2712 petre
1043 2631 1115 2695 deu
1128 2633 1322 2703 frenderetur,

222 2722 321 2800 ipsum
332 2740 411 2780 nunc
420 2721 615 2782 conveniebst
624 2721 742 2786 aliunde
755 2725 871 2806 uspism
884 2737 1084 2810 compes-etum
1097 2725 1225 2811 dedisse.
1247 2726 1324 2806 Heio

201 2887 202 2892 ἵ
225 2819 349 2872 uterne
363 2813 499 2874 veredici
512 2825 662 2895 uppsreet,
674 2825 705 2876 et
713 2827 820 2896 postes
830 2815 956 2890 Xenoni,
966 2810 1285 2902 Euphiseo,·Euphroni
1293 2827 1325 2876 et

101 2981 104 2991 1
226 2903 397 2966 Callistrato
405 2907 532 2980 locasse,
542 2919 573 2968 et
586 2927 623 2967 ne
634 2907 681 2968 his
693 2910 812 2987 quidem
823 2909 862 2971 de
872 2929 925 2970 suo
934 2910 1093 2990 quiequam
1108 2908 1322 2989 suppeditasse,

226 2998 280 3059 sed
294 2998 437 3080 deposita,
452 3009 482 3058 et
493 3013 637 3076 quaestum
652 2999 720 3054 inde
731 3001 906 3055 redeuntem
920 3019 973 3056 eos
985 2998 1176 3070 conduxisse,
1189 3011 1221 3060 et
1234 3000 1322 3061 istun

218 3089 373 3174 ,officinam
387 3089 521 3167 elegisse,
534 3085 577 3148 uti
592 3093 718 3161 constet,
730 3101 804 3170 cepe
818 3083 888 3148 mihi
900 3084 1004 3148 horum
1019 3087 1227 3163 testimonium.
1309 3111 1313 3122 ·

620 3295 925 3358 TESTIMONIUM.

226 3441 390 3504 Etess'bus
404 3440 493 3519 igitur
506 3438 667 3510 audivistis,
683 3437 893 3510 Athenienses,
906 3455 956 3496 eos
974 3447 1005 3498 et
1023 3437 1070 3498 his
1090 3439 1205 3500 locasse
1225 3439 1323 3522 neque¹

226 3535 264 3596 de
285 3553 339 3594 sno
354 3535 512 3613 quiequam
536 3527 752 3612 suppeditasse,
773 3549 884 3610 eosque
904 3547 995 3592 manu
1017 3531 1133 3593 misisse
1157 3535 1240 3611 qussi
1257 3553 1322 3596 ms-

226 3629 291 3710 gnis
305 3625 403 3691 effecti
422 3628 466 3686 ebs
480 3623 523 3684 eis
544 3636 644 3686 essent
655 3623 816 3699 beneficiis,
830 3641 926 3704 neque
936 3623 976 3684 ‘iu
992 3624 1044 3705 jus
1056 3643 1180 3687 vocasse
1191 3625 1239 3687 vel
1253 3625 1321 3688 illos

226 3731 289 3780 tum
303 3718 348 3779 sel
358 3718 448 3777 hunc.
1312 3716 1317 3722 '

159 3845 161 3852 <
264 3815 294 3871 5.
316 3811 361 3871 Ac
373 3811 442 3870 dum
455 3819 549 3870 meter
560 3810 643 3884 vixit,
658 3827 725 3888 quse
739 3807 836 3868 omnis
849 3809 921 3868 setis
934 3820 1029 3882 norst,
1043 3809 1113 3871 nihil
1134 3829 1263 3889 unquam
1283 3810 1322 3871 de

226 3903 402 3966 Phormione
420 3913 542 3984 questus
561 3911 608 3962 est
623 3899 833 3982 Apollodorus:
854 3910 889 3960 ut
902 3909 1002 3980 sutem
1024 3901 1077 3962 ille
1092 3901 1214 3974 obierat,
1234 3902 1322 3963 triuni

224 3995 347 4055 suillium
367 3994 572 4056 drachmarum
593 3993 708 4056 actione
727 3993 872 4065 instituto,
889 4012 978 4073 supre
999 3993 1064 4054 illes
1083 3993 1128 4054 bis
1147 3993 1228 4054 mille
1248 4014 1323 4072 qnss

66 4117 68 4120 ·
95 4167 99 4172 Ι
226 4089 293 4168 ipse
317 4088 399 4147 istius
423 4087 519 4149 liberis
542 4085 676 4160 dederat,
693 4094 725 4146 et
754 4084 916 4162 tuniculam
940 4088 1088 4166 quendem
1112 4098 1144 4146 et
1174 4085 1322 4157 ancillam,

225 4177 465 4242 calumniabatur.
506 4181 551 4240 Ac
571 4198 609 4239 ne
632 4177 672 4238 ibi
696 4176 817 4257 quidem
843 4193 944 4236 eorum
964 4178 1132 4257 quiequam,
1153 4178 1190 4238 de
1213 4177 1321 4257 quibus

226 4289 307 4330 nnnc
326 4281 454 4342 accuset,
475 4271 586 4332 dixisse
608 4269 817 4349 comperietur:
838 4269 890 4327 sed
905 4289 936 4329 re
950 4280 981 4329 et
994 4269 1097 4329 uxoris
1111 4289 1174 4329 sum
1192 4268 1268 4350 petri
1291 4280 1323 4329 et

225 4362 305 4428 affini
318 4381 373 4420 suo
386 4370 416 4421 et
429 4363 536 4442 Lysino
548 4375 580 4424 et
593 4360 774 4422 Andromeni
789 4360 942 4439 permissu,
955 4379 1031 4420 eum
1043 4359 1087 4419 illi
1108 4361 1324 4440 persuasissent

227 4455 450 4519 Phormioni-ut
472 4453 553 4514 dono
564 4454 649 4514 deret
666 4453 714 4514 isti
734 4453 789 4512 tria
807 4451 899 4512 millio
916 4452 1177 4515 cumssscoessione
1196 4462 1227 4512 et
1247 4453 1323 4514 suri²
