2967 5017
349 305 395 364 tn
419 306 622 369 nvsuauu
646 307 698 368 ur
719 307 1007 371 nussrsuturt.
1156 282 1219 366 ser

129 451 197 512 culo
209 452 344 516 liberarit
365 477 432 520 nam
446 479 503 540 ego
516 461 635 541 quidem
656 481 734 542 sape
756 461 838 522 illum
855 461 1009 542 provocavi
1025 459 1145 522 muliere
1165 477 1219 539 po·

126 547 244 619 utulate,
255 569 342 628 quam
352 561 382 612 et
392 563 454 614 tum
468 566 499 616 et
511 567 579 636 post
587 555 731 636 judicium
741 555 894 616 admittere
903 554 993 629 volni,
1003 573 1071 616 cum
1078 553 1219 614 mulctant

125 638 167 698 eis
190 640 345 715 solverem,
365 644 395 704 in
418 666 455 707 eo
479 649 548 708 item
562 649 675 729 judicio
698 669 757 729 quo
779 649 997 730 Theopbemum
1011 646 1219 708 verberationis

126 735 313 807 accusabam,
324 747 355 796 et
367 739 397 797 io
411 740 596 818 inquisitione
610 743 677 802 salsi
691 743 866 810 testimoniit
882 763 981 803 verum
997 741 1054 812 itti,
1064 740 1109 799 bis
1127 739 1219 798 omui·

125 825 182 886 bus
196 829 461 909 repudiatis,quam
477 834 624 894 mulierem
640 835 709 894 mihi
723 855 790 894 esse
804 836 939 895 traditam
953 833 1140 902 affirmarunt,
1154 851 1220 891 aaut

125 919 235 998 reipsa
248 921 316 980 mihi
330 942 479 1002 nunquam
493 926 682 986 tradiderunt.
712 927 789 987 Satis
798 927 875 986 enim
888 928 1027 987 videbant
1038 927 1101 987 lore
1111 924 1219 1004 palam,

125 1009 151 1067 si
176 1029 213 1070 aa
232 1022 425 1091 torqueretur,
446 1038 478 1078 se
500 1037 561 1077 uon
590 1039 674 1078 ame
694 1019 814 1080 affectos
835 1039 911 1091 esse,
930 1019 984 1080 sed
1010 1037 1057 1076 me
1086 1017 1220 1078 effecism

123 1101 248 1254 ibpjuriis.
287 1107 363 1174 Quas
378 1119 411 1169 ut
434 1131 453 1169 a
472 1131 518 1170 me
540 1131 606 1170 vere
626 1111 685 1171 dici
699 1121 824 1186 conatu,
837 1113 1004 1172 testimonia
1019 1110 1101 1171 vobis
1114 1109 1218 1170 recita·

148 1204 244 1256 untur.

537 1433 806 1497 TESTIMONI'A.

122 1564 201 1625 Mihi
215 1567 302 1646 igitur
323 1589 401 1650 sape
421 1577 591 1651 provocanti
614 1587 644 1635 et
664 1578 826 1656 postulanti
847 1577 997 1636 mulierem
1010 1573 1139 1634 deditam
1153 1589 1223 1655 csse·

120 1677 140 1716 a
166 1660 293 1733 nemine,
316 1681 332 1720 c
354 1663 478 1724 testibus
502 1667 676 1727 audivistis:
711 1670 896 1728 nuncetiam
916 1669 1001 1746 signa
1024 1665 1219 1743 proferam,e

118 1751 232 1828 quibus
245 1755 438 1831 cognoscetis,
452 1757 523 1817 istos
539 1757 611 1818 lalsa
625 1779 690 1819 esse
703 1762 885 1820 testificatos.

166 1845 196 1902 5.
210 1841 288 1902 Nam
300 1846 325 1904 si
339 1865 406 1906 vera
417 1859 517 1907 essent
529 1867 575 1922 ea,
585 1870 651 1929 quae
663 1851 884 1933 Theopbemum
897 1852 946 1912 isti
960 1850 1099 1912 obtulisse
1108 1850 1219 1920 dicunt,

118 1945 155 1994 et
164 1952 273 2014 corpus
287 1939 414 1998 mulieris
428 1941 594 2014 tradidisse,
609 1963 667 2004 non
678 1945 850 2006 ducsmodo
863 1955 955 2006 testes
965 1947 1093 2016 lecisset,
1102 1944 1220 2003 affinem

121 2037 155 2088 et
167 2028 298 2102 tratrem,
311 2030 360 2108 qui
373 2052 443 2092 vera
453 2043 639 2106 testarentur,
650 2037 703 2096 sed
714 2049 745 2096 et
758 2038 830 2098 alios
843 2038 962 2098 multos.
976 2038 1134 2097 Arbitrium
1142 2036 1218 2095 enim

123 2121 154 2179 io
171 2120 288 2181 lleliaea
301 2123 411 2182 lactum
433 2134 571 2196 aetnam
589 2129 638 2207 qui
652 2129 767 2188 OEneiee
784 2141 815 2188 et
833 2130 1015 2189 Erechtheioe
1032 2129 1122 2188 tribui
1143 2127 1220 2187 arbi·

122 2223 237 2272 tuantur
258 2214 299 2273 ibi
323 2217 445 2276 sedent:
466 2218 495 2276 iu
516 2219 621 2280 talibus
643 2231 739 2280 autem
750 2219 1017 2301 provocationibus,
1030 2241 1097 2282 cum
1115 2221 1220 2301 aliquis

122 2307 272 2366 bominem
295 2309 454 2369 adductum
479 2311 578 2385 tradit,
592 2313 674 2372 multi
696 2313 913 2374 circumsistunt
928 2316 1128 2375 auscultantes
1150 2312 1221 2392 quid

123 2398 251 2460 dicatur.
294 2401 392 2470 Quare
405 2413 496 2465 testes
518 2406 560 2465 eie
579 2425 639 2466 non
656 2406 829 2480 defuissent,
842 2410 866 2467 si
879 2408 1078 2468 testimonium
1099 2424 1137 2466 ex
1158 2405 1222 2465 ulla

124 2504 210 2572 parte
223 2515 324 2554 verum
338 2508 427 2556 esset.

168 2588 197 2647 6.
219 2589 253 2647 ln
268 2589 371 2648 eodem
382 2609 479 2670 porro,
493 2591 622 2662 Jndicee,
637 2593 804 2653 testimonio
816 2593 962 2670 dixerunt,
977 2615 1023 2654 me
1037 2593 1151 2654 differre
1164 2611 1219 2651 no·

124 2680 234 2739 luisse:
258 2681 481 2762 Theophemum
497 2694 593 2742 autem
608 2684 637 2741 id
647 2685 778 2762 jussisse,
792 2696 826 2744 ut
840 2687 909 2745 mibi
923 2687 1071 2746 mulierem
1082 2684 1219 2745 traderet.

125 2771 192 2849 Ego
206 2774 316 2833 veroid
330 2793 387 2833 non
402 2795 467 2834 esse
481 2793 579 2834 rerum
595 2793 645 2834 vos
660 2775 783 2834 docebo.
825 2776 856 2835 Si
874 2779 951 2835 enirn
973 2798 1029 2855 ego
1045 2777 1076 2836 id
1091 2798 1110 2836 a
1122 2777 1218 2836 Theo·

123 2864 234 2944 phemo
246 2866 451 2945 postulassem,
464 2867 544 2946 quod
560 2866 607 2926 isti
621 2867 648 2925 ei
661 2865 809 2926 testificati
823 2878 901 2938 sunt,
914 2878 1016 2946 petens
1027 2877 1060 2926 ut
1068 2867 1219 2925 mulierem

124 2955 195 3014 milri
212 2957 349 3028 traderet,
360 2958 426 3036 jure
449 2958 486 3017 ad
509 2977 576 3016 eunt
597 2957 667 3017 mihi
688 2957 807 3017 modum
826 2957 1035 3037 respondisset,
1050 2955 1162 3016 differre
1170 2961 1219 3031 ju-

124 3049 199 3108 bens
213 3049 360 3110 arbitrium
373 3069 468 3130 usque
479 3051 508 3110 iu
519 3049 640 3109 alterum
654 3060 842 3123 conventum,
855 3060 890 3110 ut
899 3050 1058 3110 adduceret
1071 3049 1219 3108 mulierem

124 3141 255 3221 mihique
264 3143 409 3202 traderet:
431 3163 509 3202 nunc
519 3153 645 3204 testatus
659 3163 701 3214 es,
713 3143 914 3223 l'heopheme,
925 3153 954 3203 te
968 3142 1082 3203 tradere
1092 3142 1220 3203 voluisse

125 3234 290 3305 mulierem,
305 3254 352 3294 me
364 3254 433 3294 raro
447 3254 511 3294 eam
532 3236 658 3314 recipere
672 3234 812 3294 noluisse.
855 3235 913 3304 Qui
926 3235 959 3294 fit
972 3235 1059 3315 igitur
1072 3244 1107 3293 ut
1118 3245 1150 3293 tu
1165 3251 1219 3293 an-

126 3326 204 3386 cillae
218 3327 364 3399 dominus,
376 3327 427 3404 qui
439 3347 503 3386 eam
517 3327 713 3386 conditionem
727 3327 798 3385 milri
812 3327 923 3387 laturus
935 3347 999 3388 eras
1009 3347 1097 3406 quam
1110 3326 1158 3387 isti
1169 3326 1221 3387 tibi

127 3420 274 3480 testificati
285 3430 363 3491 sunt,
377 3439 443 3478 curn
458 3420 497 3479 ad
511 3419 659 3480 mulierem
679 3419 863 3498 confugeres,
879 3432 909 3479 et
923 3440 969 3480 me
990 3421 1103 3496 dejure
1115 3440 1221 3500 provo·

127 3523 259 3584 saturus,
275 3512 387 3571 nullutn
406 3513 493 3572 alium
515 3507 622 3572 testem
642 3512 776 3584 haberes,
790 3531 848 3591 quo
866 3512 1001 3591 probares
1021 3523 1053 3572 te
1066 3529 1083 3570 a
1096 3532 1143 3572 me
1155 3531 1222 3572 esse

127 3607 309 3666 verberatum
324 3623 376 3683 per
395 3604 529 3683 injuriam
549 3605 602 3664 tibi
624 3623 728 3664 manus
748 3603 894 3676 afferente,
908 3605 1026 3664 muliere
1040 3605 1168 3664 adducta
1182 3603 1221 3664 ad

128 3699 268 3759 arbitrum
285 3717 343 3756 uon
358 3697 492 3764 venerut
515 3707 544 3756 et
563 3716 666 3775 corpus
680 3697 808 3756 mulieris
822 3697 974 3776 praesentis
992 3696 1156 3767 tradideris,
1169 3695 1221 3775 qui

128 3791 246 3872 quidem
263 3791 397 3851 dominus
411 3791 475 3870 ejus
495 3789 597 3849 essesl
619 3789 770 3850 Obtuliase
789 3791 907 3868 quidem
927 3799 957 3848 te
974 3790 1057 3861 dicis,
1071 3788 1221 3846 mulierem

128 3905 196 3945 reto
215 3904 303 3944 nemo
316 3883 399 3955 vidit,
413 3903 506 3962 eaque
524 3902 556 3941 re
573 3881 694 3942 Judices
719 3882 870 3961 decepisti,
886 3873 978 3941 falsos
1000 3892 1090 3940 testes
1112 3879 1221 3960 produ-

129 3977 223 4037 cendo
244 3978 293 4055 qui
311 3975 452 4044 dicerent,
467 3985 497 4035 te
515 3995 578 4034 earn
603 3975 716 4035 tradere
730 3974 866 4034 voluisse.
909 3975 1101 4051 Posteaquam
1124 3983 1222 4032 autem

128 4070 180 4130 tibi
190 4070 292 4130 mulier
304 4081 366 4129 tum
381 4089 440 4128 nort
454 4069 641 4148 praenotuit,
660 4067 713 4126 sed
732 4068 810 4146 prius
825 4065 921 4126 echini
933 4066 1078 4144 obsignati
1092 4064 1221 4139 fuerunt,

129 4175 211 4226 estne
235 4183 294 4243 quo
313 4161 394 4222 illam
415 4161 461 4221 vel
479 4163 508 4220 in
535 4163 639 4233 sorum,
653 4162 699 4220 vel
720 4161 874 4240 judicium,
888 4179 1009 4239 usquam
1031 4158 1223 4239 perduxeris?

21 4263 22 4322 3
126 4255 162 4316 :Si
174 4258 252 4318 euim
265 4275 303 4316 aa
315 4267 377 4316 tum
391 4275 451 4314 non
465 4253 567 4314 affuit:
589 4265 657 4335 post
670 4254 770 4332 utique
783 4253 928 4314 tradenda
945 4254 1008 4326 luit,
1023 4265 1054 4313 et
1066 4263 1157 4312 testes
1177 4253 1222 4312 sa·

129 4349 235 4424 ciendi,
248 4361 279 4411 te
298 4351 428 4412 voluisse
450 4369 510 4411 rem
530 4370 547 4409 e
566 4348 687 4409 muliere
711 4361 791 4409 certo
811 4348 961 4428 cognosci,
974 4332 1222 4429 quemadmodum

130 4463 316 4527 protomar,
330 4463 398 4507 cum
419 4455 451 4509 et
471 4445 708 4524 provocationem
732 4441 922 4522 injecerim
942 4442 1141 4504 testimouium
1161 4458 1222 4521 quo

650 4538 670 4593 4
686 4553 704 4593 r
