2967 5017
403 312 621 382 ADVERSUS
642 312 904 374 EUBULlDBH.
1144 310 1207 371 w

583 602 748 667 TESTES.

116 754 166 817 An
179 772 240 817 noe
253 751 343 832 igitur
350 747 553 830 indignissime
566 746 693 809 omnium
707 746 860 807 hominum
867 746 964 825 egitur
975 764 1104 818 meeum,
1114 746 1210 807 Athe·

116 846 244 919 nienses,
257 844 339 925 quod
361 863 427 905 cum
445 852 491 903 tol
512 841 630 921 cognati
654 839 724 900 mihi
738 840 808 913 sint,
820 840 910 920 hique
919 850 952 901 et
963 840 1167 913 melidohnlum
1179 848 1211 901 et

118 938 261 1017 dejerat,
282 958 315 1001 se
336 936 407 999 mihi
429 947 571 1016 cognatos
591 953 669 1005 esee,
683 943 714 993 el
732 933 836 994 horum
853 954 941 995 nemo
960 934 991 993 iu
1007 935 1059 1013 jue
1080 943 1211 1005 sonetur,

119 1031 206 1109 quasi
220 1032 298 1093 uires
322 1050 380 1093 non
402 1032 471 1101 sint,
486 1027 533 1087 isli
555 1036 652 1087 lemen
672 1028 912 1104 pronunciarent,
926 1045 974 1087 me
995 1044 1062 1087 esse
1082 1025 1211 1106 peregri·

117 1122 213 1185 numl
243 1124 323 1202 Cape
346 1122 417 1183 mihi
431 1132 462 1181 et
474 1120 587 1191 Olmie,
606 1128 637 1179 el
649 1129 843 1198 cognotorum
860 1120 923 1200 ejus
943 1118 1150 1191 testimonium,
1161 1116 1212 1197 qui

117 1226 228 1277 norunt
241 1214 320 1277 hund
333 1214 432 1285 dubie,
452 1230 587 1291 quonam
611 1222 704 1271 mater
723 1231 791 1272 mea
803 1212 901 1286 luerit,
913 1232 982 1291 quse
1000 1230 1158 1273 mammam
1171 1210 1214 1270 illi

118 1307 257 1388 praebuit.
285 1307 391 1384 Neque
402 1305 480 1365 enim
493 1304 524 1364 id
538 1305 574 1364 ah
588 1303 630 1363 eis
640 1304 829 1386 jurisjurandi
841 1303 943 1384 religio
952 1304 1091 1385 postulas,
1103 1312 1139 1363 ut
1146 1322 1215 1383 qum

118 1419 175 1467 uos
193 1400 282 1461 hodie
302 1398 437 1471 dicimus,
451 1416 488 1457 ee
501 1396 710 1457 testificentur:
732 1397 786 1457 sed
798 1406 832 1455 ut
844 1415 880 1457 ea
899 1417 967 1477 quse
979 1398 1060 1458 omni
1082 1405 1214 1475 tempore

118 1501 270 1572 comperta
281 1491 458 1561 hahuerunt,
471 1508 536 1549 enm
550 1500 581 1549 et
593 1508 676 1549 snam
688 1488 844 1562 nutricem,
859 1498 891 1548 et
902 1499 1033 1551 nostram
1044 1488 1138 1549 luisse
1149 1506 1215 1547 ms·

117 1594 196 1645 trem
210 1583 411 1645 existimatam.
445 1581 575 1641 Tametsi
587 1582 666 1641 enim
675 1582 784 1640 humile
795 1580 936 1659 quiddam
945 1590 991 1641 est
1000 1579 1216 1641 nutricissoos-

118 1675 235 1747 hnlum‚
252 1674 403 1735 veritatem
426 1682 525 1733 lumen
552 1693 615 1733 non*
633 1674 776 1733 detrecto.
825 1672 893 1733 Non
915 1674 1004 1745 enim,
1026 1676 1051 1732 si
1071 1692 1216 1753 pauperes
1279 1694 1294 1714 ·

119 1767 242 1839 luimus,
255 1763 391 1844 uniquam
400 1765 534 1845 injuriam
546 1765 680 1836 lenimus,
695 1765 747 1824 sed
768 1765 883 1825 aleines
902 1785 963 1826 non
980 1766 1104 1826 luimus:
1116 1784 1217 1846 neque

29 1864 33 1875 '
119 1859 152 1925 in
166 1856 345 1939 hocjudioio
361 1857 407 1917 vel
421 1858 491 1929 uile,
504 1858 548 1917 rel
564 1858 688 1937 mannia
701 1866 802 1917 nostru
812 1858 918 1936 agitur,
932 1858 986 1918 sed
999 1874 1104 1937 pnes.
1136 1858 1217 1917 Mul·

119 1961 170 2015 ts·
184 1950 310 2011 humiles
325 1962 356 2011 et
367 1950 487 2011 serviles
508 1970 612 2030 operas
633 1951 779 2029 ingenuos
800 1950 933 2010 homines
947 1959 1104 2031 pauperius
1121 1951 1218 2012 leuem

122 2043 224 2123 cogit:
245 2042 284 2107 oh
298 2062 371 2121 quas
390 2042 670 2105 commiserationem
692 2041 800 2123 polius,
813 2062 901 2121 quem
915 2043 1219 2105 internecionemme·
1282 2076 1290 2089 ·

120 2144 234 2200 rentur.
277 2135 317 2197 Ut
338 2136 414 2197 enim
429 2154 486 2215 ego
511 2136 609 2205 sudio,
626 2135 726 2195 mulla
754 2135 888 2197 mulieres
912 2138 1003 2209 cives,
1024 2148 1056 2196 et
1077 2137 1218 2210 nutriens,

122 2238 157 2291 et
169 2228 366 2300 mercenarie,
377 2238 407 2291 el
419 2226 637 2289 vindemilrices
657 2228 745 2289 lecim
757 2238 836 2302 sunl,
849 2240 967 2309 propser
976 2229 1142 2309 reipublice
1154 2229 1219 2291 illo·

121 2340 189 2383 rum
205 2330 367 2401 temporum
386 2321 578 2390 calamitates,
593 2321 693 2381 mulum
715 2321 785 2381 item
802 2341 839 2381 ex
856 2324 1033 2401 pauperihus
1045 2342 1125 2383 nuno
1137 2322 1220 2387 loeu-

121 2414 247 2495 pietate
260 2422 337 2475 unul.
379 2413 438 2475 Sed
452 2414 489 2474 de
502 2413 549 2473 his
562 2414 669 2473 stetim.
711 2412 800 2473 Nune
811 2423 903 2474 testes
915 2434 999 2475 voce.

598 2628 761 2689 TESTES.

172 2776 222 2841 13.
242 2771 296 2835 me
308 2772 396 2852 igilur
409 2782 440 2833 et
452 2790 471 2831 a
484 2780 575 2833 matre
588 2790 654 2833 esse
667 2770 772 2844 civem,
784 2779 816 2831 el
825 2790 844 2831 u
854 2780 949 2850 petre,
961 2774 1066 2851 partim
1080 2791 1120 2831 ex
1135 2772 1222 2833 melia

126 2866 249 2931 uinum
263 2866 352 2929 modo
374 2864 564 2944 cognovistis,
585 2863 690 2943 parlim
703 2882 740 2923 ex
760 2862 797 2923 iis
810 2883 878 2942 ques
890 2864 968 2941 prius
990 2865 1028 2924 de
1046 2875 1131 2943 passe
1144 2865 1223 2928 dieta

126 2968 215 3026 eunti
236 2966 329 3019 restet
351 2956 450 3037 igitur,
468 2965 502 3021 ut
522 2957 560 3017 de
581 2976 628 3016 me
649 2954 713 3035 ipso
727 2954 807 3035 npud
819 2973 873 3015 vos
886 2954 993 3015 dicem.
1034 2956 1123 3025 Quod
1134 2956 1225 3036 igitur

125 3048 373 3129 simplicissimum
384 3057 441 3118 eal,
454 3056 483 3109 et
492 3047 699 3127 justissimum,
712 3066 781 3108 oum
794 3066 833 3107 ex
845 3046 975 3125 utrisque
987 3047 1155 3126 parenuhus
1169 3047 1224 3107 sim

124 3139 209 3213 civis,
225 3160 292 3200 eum
306 3150 338 3201 et
350 3138 542 3199 hereditatem
556 3148 588 3203 ei
601 3137 764 3217 genns'sim
778 3149 968 3212 consecutus,
979 3158 1028 3199 me
1048 3158 1114 3200 esse
1128 3140 1224 3200 civem

129 3233 254 3295 affirmo.
296 3231 358 3293 Sed
371 3241 470 3291 tamen
484 3232 582 3293 omnia
602 3251 670 3309 qum
690 3231 911 3302 conveniensi
930 3252 978 3292 me
1000 3251 1066 3293 esse
1084 3233 1227 3312 prmstits,

128 3328 261 3405 probabo
280 3326 402 3387 testibus
413 3324 577 3405 productis,
591 3334 626 3385 ιιι
647 3322 831 3385 introductus
854 3324 909 3383 sim
929 3325 969 3384 ad
982 3324 1117 3399 curiales,
1141 3336 1176 3386 ut
1194 3324 1227 3385 iu

130 3418 321 3497 municipium
344 3418 397 3477 sim
417 3409 593 3498 adscriptus,
613 3426 646 3477 ut
659 3416 697 3477 ab
710 3416 775 3477 istis
794 3416 865 3497 ipsis
884 3417 1018 3478 delectus
1032 3417 1086 3478 sim
1101 3427 1133 3477 nl
1151 3416 1230 3477 inter

132 3510 329 3574 nobilissimos
343 3511 381 3571 de
398 3511 564 3571 sacerdotio
575 3509 712 3572 Herculis
731 3509 859 3584 sortirer,
872 3519 908 3570 ut
921 3510 1111 3592 mugislrm
1124 3528 1228 3589 gesso

134 3605 388 3684 rimapprohalus.
429 3602 515 3665 Voce
527 3601 597 3663 mihi
611 3621 672 3663 eos.

597 3834 758 3897 TESTES.

135 3978 231 4047 Quem
245 3986 342 4041 aulem
356 3974 516 4040 absurdum
529 3976 625 4050 luerit,
639 3978 771 4052 Judices,
783 3979 808 4039 si
820 3977 863 4039 ita
870 3977 941 4039 mihi
953 3976 1120 4038 monimus
1132 3996 1228 4039 enuer-

136 4068 260 4141 dolium,
272 4078 305 4129 ul
317 4068 450 4135 dehetis
471 4070 595 4144 luerem,
613 4072 777 4150 oportuisse
797 4092 844 4132 me
867 4091 922 4152 pro
939 4070 1002 4131 istis
1014 4069 1186 4144 munificare,
1198 4081 1231 4131 et

135 4160 209 4227 isus
228 4180 290 4225 une
308 4162 474 4225 :eminente
490 4182 621 4223 meeum:
642 4184 722 4224 nuno
742 4176 840 4227 eutem
858 4165 980 4224 eosdem
994 4164 1065 4224 isses
1086 4182 1146 4223 nou
1165 4184 1231 4242 per·

135 4254 261 4329 mittere,
275 4264 309 4317 ul
321 4274 379 4337 ego
393 4275 452 4323 una
467 4274 533 4317 oum
549 4255 592 4319 eis
604 4276 689 4317 ssers
700 4256 828 4319 lsoiaml
858 4256 985 4318 Constet
1001 4257 1099 4336 igitur,
1110 4255 1232 4319 Atheni·
1301 4278 1305 4283 ·

136 4366 237 4421 summ
246 4345 360 4429 πόροι
369 4368 457 4416 omns
470 4349 614 4429 reliquum
626 4360 754 4432 leupus,
767 4350 846 4431 apud
853 4368 956 4411 omnes
965 4369 1026 4424 sos,
1035 4351 1086 4430 qui
1096 4370 1143 4411 me
1151 4368 1233 4411 nune

138 4450 292 4515 semul,
304 4441 397 4511 don
410 4462 476 4509 sue
489 4440 632 4507 habilem.
674 4442 862 4524 Nequeenim
875 4444 1059 4525 peregrinum
1072 4454 1105 4506 et
1115 4442 1233 4523 inquii·
