2967 5017
205 251 264 312 526
453 301 460 322 ,
499 239 716 308 ADVERSUS
744 243 1005 306 retrusum.

203 401 249 462 bis
262 401 300 462 d'e
313 403 402 462 rebus
415 400 452 461 de
465 401 570 480 quibos
582 420 661 462 nunc
679 398 785 479 litigat.
826 398 930 457 Fuisse
945 407 1049 456 sutem
1068 379 1137 456 euin
1154 393 1296 455 bissono

142 501 144 506 '
204 486 1091 572 preterito,conjudicissxsroersnsur,rseitstorsstinonio
1099 483 1295 566 cognoscens.

475 702 484 716 '
598 700 903 767 TESTIMONIUM.

205 827 269 930 Ape
283 843 378 923 legem
391 844 490 916 etism,
515 865 582 926 qous
605 846 778 926 sponsiones
798 863 913 909 annues
926 866 995 910 esse
1003 847 1100 928 jobet,
1112 843 1184 905 mibi
1195 842 1307 922 reuss„

205 933 312 1014 Neque
326 953 443 997 reroes
454 937 520 1016 iege
533 937 575 998 its
592 938 677 1012 nitor,
699 948 744 1010 ut,
763 939 789 1002 si
807 939 1025 1019 spoponderim,
1044 955 1149 1019 poenns
1167 937 1238 996 dare
1250 953 1299 994 ms

184 1025 187 1032 ’
205 1045 264 1086 non
277 1037 421 1106 oporteat,
432 1027 485 1088 sed
494 1046 559 1091 enm
573 1029 666 1109 ipsnm
679 1029 780 1108 iegsns
789 1049 850 1090 non
863 1030 1058 1114 spopondisse
1070 1048 1119 1090 me
1131 1026 1298 1088 testimonio

206 1117 275 1178 mibi
295 1133 363 1178 esse
382 1118 515 1182 affirmor
533 1137 600 1182 nem
619 1140 658 1181 es
679 1139 791 1201 sponso
811 1123 923 1202 egisset
946 1141 1062 1183 mecum
1085 1133 1218 1201 tempore
1241 1116 1298 1176 bss

206 1207 436 1287 legepraefinito.
465 1285 468 1292 Δ
744 1208 747 1212 ’

704 1364 801 1428 LEX.¹

248 1495 276 1552 8.
298 1493 344 1552 Sit
366 1493 454 1572 igitur
480 1494 537 1554 hoc
559 1495 644 1554 etiam
667 1497 752 1556 vobis
778 1507 964 1576 argumento.
978 1495 1093 1556 mentiri
1113 1493 1298 1574 ripatorium.
1335 1559 1348 1575 ο

208 1583 323 1672 Nnm'si
336 1583 362 1644 ei
376 1605 428 1665 pro
441 1585 635 1646 Pennenonte
653 1587 886 1668 spopondissem,
909 1607 968 1649 non
989 1588 1090 1666 ntique
1107 1587 1192 1646 istius
1205 1587 1300 1644 inimi·

206 1673 289 1734 citias
303 1685 421 1754 propter
433 1675 516 1736 illuns
530 1676 735 1757 sussepissem,
749 1677 820 1738 dum
832 1677 1032 1758 providebsrn,
1052 1696 1093 1736 ne
1105 1678 1252 1738 amitteret
1263 1693 1301 1735 en

207 1783 273 1842 quse
287 1785 338 1843 per
351 1785 399 1826 me
414 1767 462 1826 isti
475 1778 639 1837 metueret:
660 1769 723 1846 ipse
736 1789 806 1828 vero
818 1769 889 1827 mibi
896 1780 1015 1847 propter
1023 1769 1106 1827 illurn
1119 1768 1199 1855 apud
1212 1769 1301 1826 istum

207 1857 365 1934 sponsione
378 1857 506 1932 obligato
520 1875 578 1914 non
592 1857 747 1922 cessissem.
787 1857 867 1920 Quid
880 1858 959 1914 enirn
970 1856 1034 1933 spei
1045 1855 1155 1913 babere
1167 1867 1300 1932 potersrn

124 1955 129 1976 ¹
206 1947 293 2006 istum
308 1945 378 2004 mibi
392 1963 555 2023 parsurum,
570 1963 656 2022 quem
678 1945 738 2023 ipse
756 1963 911 2024 coegersm
929 1936 973 2004 illi
990 1943 1179 2004 satisfecerei
1210 1963 1301 2024 equo

155 2033 162 2044 '
207 2036 381 2096 mensasism
395 2035 582 2112 sponsionem
596 2035 697 2100 odiose
708 2035 886 2114 exegeram!
906 2036 999 2102 -Qnid
1012 2036 1049 2096 sb
1062 2053 1099 2096 eo
1110 2034 1183 2096 mibi
1195 2055 1303 2116 esspe-

206 2129 346 2190 ctendnm
358 2127 520 2191 sbitrsreri
1041 2155 1045 2161 ·

189 2291 191 2296 ,
248 2224 277 2282 9.
293 2220 373 2289 Quin
385 2219 560 2294 illudetism
574 2220 770 2294 considerare,
784 2222 989 2295 Athenienses,
999 2222 1300 2303 estopersspretiom,

207 2313 233 2374 si
246 2309 479 2392 spopondissem,
493 2331 540 2373 me
553 2331 703 2392 nunquam
716 2313 809 2377 fuisse
821 2315 928 2400 iturum
944 2315 1067 2376 inficias.
1112 2314 1211 2374 Multo
1222 2315 1300 2374 enirn

209 2405 359 2475 confitenti
371 2402 442 2464 mibi
455 2413 486 2464 et
499 2403 538 2464 ed
555 2405 722 2484 pnntionem
736 2406 829 2478 eunti,
841 2419 881 2466 'ex
893 2425 954 2485 qus
966 2405 1153 2467 ncsumtuit
1167 2423 1301 2486 compro·

208 2497 340 2566 missum,
362 2494 471 2555 firmior
490 2505 568 2558 esset
581 2495 722 2560 detensis.
762 2497 868 2558 Tribus
889 2498 968 2557 enim
988 2498 1105 2558 arbitris
1125 2515 1189 2557 rem
1210 2496 1302 2556 fuisse
1396 2570 1400 2574 Α

208 2587 387 2667 permissam,
398 2596 546 2654 ‚testatum
564 2589 647 2650 vobis
667 2598 732 2648 est:
754 2609 823 2650 cum
839 2610 909 2650 vero
928 2609 947 2649 s
964 2590 1138 2652 tribnsists
1154 2588 1302 2649 sententia

209 2695 268 2746 non
289 2677 336 2749 sit,
350 2676 421 2754 quid
435 2677 571 2756 neganda
584 2678 741 2756 sponsione
755 2679 826 2740 mibi
839 2680 1016 2743 vetuissent
1037 2678 1302 2759 Cognitioneenim

210 2767 373 2829 secundum
393 2768 557 2848 pactionem
574 2787 633 2830 non
653 2768 745 2842 fecte,
765 2788 821 2830 nec
838 2789 895 2848 ego
907 2771 970 2849 jem
990 2769 1301 2848 sponsionetensbsr.

210 2862 309 2928 Quare
321 2878 515 2940 nequaquem,
528 2859 546 2920 J
549 2860 660 2930 udices,
671 2860 868 2937 praetermissa
878 2879 949 2920 vers
959 2859 1130 2928 defensione
1140 2861 1301 2939 sispopon-

210 2955 374 3028 dissem‚sd
384 2953 572 3015 inficiandum
580 2951 736 3012 venissem.
751 2951 819 3010 dnm
830 2950 903 3010 illud
914 2951 999 3011 etism
1008 2960 1148 3012 metatum
1158 2951 1301 3023 vobisest,

207 3047 397 3124 pectione-ab
417 3043 480 3102 istis
499 3041 715 3114 abolito,niiern
735 3043 823 3104 istum
842 3043 1107 3104 etPermenoutem
1117 3047 1302 3107 conscribere

209 3136 347 3205 voluisse,
369 3133 453 3212 qussi
470 3132 549 3192 irrita
566 3143 719 3194 essentes
733 3153 800 3212 qum
817 3134 898 3214 prius
923 3135 999 3195 inter
1017 3154 1068 3194 eos
1092 3147 1301 3196 convenerant.

210 3226 312 3302 Atqui,
322 3243 390 3284 cum
400 3223 438 3284 de
447 3223 546 3284 tuturo
555 3223 721 3302 cognitione
728 3225 817 3285 siism
828 3225 993 3305 portionem
1002 3227 1187 3288 conscribere
1199 3231 1301 3289 votue-

100 3354 102 3362 1
209 3318 267 3378 rint
285 3319 380 3398 priore
394 3317 518 3396 perdite,
528 3335 587 3396 quo
603 3327 701 3394 pecto,
720 3317 779 3378 obs
797 3317 932 3396 motione
945 3336 1006 3377 non
1025 3314 1144 3398 scripta,
1156 3319 1204 3378 rei
1224 3319 1301 3380 ariri·

211 3413 299 3472 trium
311 3411 372 3472 fieri
386 3410 433 3470 vel
447 3410 566 3489 sponsio
581 3407 698 3487 potuit?
718 3409 768 3469 De
778 3408 835 3470 boc
848 3410 913 3489 ipso
927 3410 1005 3468 enim
1018 3411 1303 3483 omnesomnes,

210 3503 326 3578 tabulas
339 3502 411 3562 alins
425 3519 485 3561 non
501 3502 640 3580 iecerunt,
659 3501 717 3562 isto
730 3519 832 3573 unum,
849 3499 901 3560 iilo
914 3501 1109 3562 tres-nrbitsos
1121 3501 1302 3582 postulante.

212 3593 372 3673 Postquam
387 3603 486 3652 etitem
500 3593 593 3671 prime
604 3592 714 3672 psotio,
728 3611 788 3670 quo
799 3610 848 3651 me
861 3611 1033 3672 sponsorem
1046 3611 1112 3654 esse
1124 3595 1236 3654 isdum
1250 3594 1302 3666 sis,

211 3689 307 3768 periit,
320 3685 377 3746 siin
390 3703 459 3744 vero
473 3684 580 3762 scripta
593 3703 654 3746 nou
666 3694 721 3758 est,
732 3703 792 3760 quo
801 3683 868 3762 jure
878 3702 1000 3754 mecum,
1007 3703 1096 3762 agere
1108 3693 1216 3764 potest,
1229 3703 1302 3747 con·

211 3792 257 3840 tra
265 3800 351 3861 quern
364 3777 467 3858 nequit
474 3776 602 3857 proferre
617 3773 804 3856 pectionemi
825 3776 866 3834 At
878 3773 1061 3834 interdixisse
1074 3775 1302 3835 Parmenontem

212 3873 348 3934 Aristooli
360 3892 397 3934 ne
411 3883 516 3952 contre
532 3889 564 3930 se
581 3871 691 3948 absque
704 3867 855 3929 oosrbitris
870 3866 1086 3946 pronunciaret,
1098 3878 1239 3928 testatum
1251 3885 1303 3927 ro·

211 3964 255 4022 bis
269 3975 324 4024 est.
364 3964 454 4032 Quod
468 3963 493 4022 si
507 3970 624 4022 constet
637 3961 762 4020 eundem
776 3959 924 4020 bominem
935 3969 966 4018 et
979 3959 1144 4037 pactionem
1157 3951 1303 4029 sboiesse,

212 4073 249 4114 ex
265 4073 325 4134 qus
339 4057 485 4116 arbitrium
498 4053 560 4114 fieri
573 4052 774 4124 couseniebst,
791 4061 823 4111 et
841 4051 904 4116 sine
918 4051 1033 4112 arbitris
1050 4052 1164 4112 ceteris
1184 4061 1303 4112 senten·
1324 4088 1329 4094 ·

104 4191 107 4200 .
213 4147 283 4208 tiam
303 4145 335 4206 s'e
358 4147 460 4208 tulisse
481 4147 543 4226 ipse
563 4144 681 4216 fatetur,
703 4144 755 4222 qui
774 4143 921 4217 convenit,
939 4152 973 4204 ut
996 4143 1039 4202 iiii
1058 4122 1117 4203 fide
1136 4144 1236 4206 habita
1252 4161 1303 4204 rne

214 4237 363 4317 perdetis?
