2967 5017
456 349 500 409 ln
521 340 863 411 cresleflortrnrt.
1171 349 1208 404 77

116 511 184 571 bere
200 527 263 580 sos,
283 509 334 588 qui
351 526 389 568 ex
403 507 537 568 tribubus
557 505 665 566 deiecti
687 505 757 574 siut,
779 507 937 584 postquem
953 504 986 563 in
994 502 1129 583 judiciali
1147 503 1212 564 foro
1254 541 1257 552 ·

114 603 317 684 probarentur,
337 598 511 679 magistratu
523 598 627 678 fungi:
649 599 731 676 etqui
744 597 838 657 tribus
850 593 1015 657 Pandionia
1037 595 1213 656 Demosthe·
1261 656 1265 664 ,

116 711 185 754 nen
204 693 409 774 magistratum
422 701 453 753 et
470 693 611 751 monium
623 693 844 752 instauratorem
864 689 986 769 delegit,
1004 689 1074 769 quin
1091 689 1130 749 nd
1149 707 1214 750 eun

117 805 181 866 rem
198 786 288 867 paulo
306 786 403 845 minus
423 786 524 846 decem
544 784 662 845 talentis
682 803 719 843 ex
738 773 842 843 aersric
864 781 972 844 hebet:
987 782 1048 862 jsnr
1067 799 1136 842 vero
1157 783 1229 844 ulis·

117 879 167 938 lex
179 888 263 939 vetet
282 878 487 958 negisnstum
503 889 572 938 ente
594 877 723 937 meones
740 875 848 935 relatas
868 874 1018 935 coronari:
1042 893 1096 936 vos
1117 883 1215 936 eutem

81 987 83 995 ’
116 969 309 1052 jurejurando
323 970 421 1032 educti
432 968 504 1031 estis
518 969 694 1030 sententiam
708 968 784 1027 serre
798 966 962 1027 secundum
976 967 1077 1046 leges:
1099 975 1139 1026 at·
1152 985 1217 1028 ors·
1280 963 1287 971 ’

120 1073 166 1122 tor
176 1063 233 1123 iste
245 1063 385 1135 decrerit,
398 1063 547 1123 homiuem
563 1059 725 1121 rationibus
741 1059 900 1120 reddendis
913 1058 1072 1119 obnoxium
1086 1075 1153 1118 esse
1166 1079 1218 1120 co·

118 1156 296 1228 rontndum,
309 1154 607 1235 nequeiliudedjecit
620 1161 872 1232 posteaquam
890 1150 1069 1212 rationes
1088 1150 1219 1210 reddi·

120 1245 236 1306 derit:
254 1266 391 1326 egevero
398 1245 507 1307 crimen
516 1243 663 1323 plebisciti
672 1253 776 1304 contin
788 1243 870 1322 leges
880 1241 950 1303 fecti
961 1253 1026 1303 nrm
1037 1243 1220 1322 legnm‚·tum
1288 1273 1306 1300 s

121 1335 316 1410 domnorum,
333 1347 398 1396 turn
418 1335 651 1396 adverseriorum
670 1333 845 1395 testimoniis
866 1333 981 1394 evinco.
1014 1335 1083 1400 Quo
1099 1334 1220 1395 tandem

120 1437 209 1507 preto
222 1427 353 1506 apertius
366 1427 521 1507 quisquam
544 1426 745 1488 demonstrare
758 1425 854 1506 possit
864 1423 1014 1486 hominem
1031 1425 1147 1504 legibus
1165 1427 1219 1488 ini·

121 1519 280 1580 mitissime
291 1518 467 1599 scripsisse?
1014 1507 1021 1522 ¹
1224 1563 1227 1568 .

164 1614 213 1670 14.
234 1610 327 1671 Porro
337 1621 368 1670 et
378 1629 496 1670 corones
507 1609 748 1690 predicationem
761 1629 829 1670 eum
843 1611 959 1670 inscito
972 1627 1028 1669 suo
1032 1609 1138 1688 jubere
1150 1625 1223 1671 con-¹
1329 1659 1332 1668 .

123 1714 171 1762 trt
182 1703 266 1782 leges
286 1702 360 1776 fieri,
372 1703 403 1762 id
417 1721 536 1782 qnoque
548 1721 601 1762 vos
620 1702 761 1763 edocebo.
794 1703 854 1762 Lex
873 1704 949 1763 enim
963 1702 1071 1762 diserte
1087 1703 1183 1782 jubet,
1197 1705 1223 1765 si

74 1779 83 1798 ⁸
124 1814 213 1874 quem
226 1813 338 1855 corone
348 1795 440 1856 donet
453 1790 584 1869 senemr,
597 1805 632 1855 ut
643 1795 674 1854 in
687 1795 770 1855 curis
783 1796 967 1876 predicetur,
982 1795 1027 1856 sin
1041 1797 1178 1876 populus,
1192 1799 1222 1858 in

125 1888 278 1962 concione,
292 1887 440 1951 ulib‘rverc
450 1905 607 1968 nnsqm.
628 1887 735 1949 Recito
746 1886 817 1948 mihi
830 1886 937 1969 legem.
1061 1929 1063 1937 ,

630 2095 723 2188 sur.

127 2237 275 2300 Prrecltrn
284 2258 356 2302 sene
367 2239 419 2301 lex
431 2240 491 2301 ists
503 2251 560 2314 est,
568 2240 777 2304 Athenienses.
808 2240 917 2320 Neque
926 2242 1013 2315 enim,
1027 2242 1140 2322 opinor,
1155 2262 1224 2308 cen·

127 2331 187 2392 suit
204 2331 356 2418 legisletor
375 2341 521 2394 oratorem
539 2333 644 2396 decere
658 2353 693 2394 se
704 2333 784 2414 apud
800 2343 916 2394 exteros
930 2333 1085 2412 magnifice
1101 2337 1225 2412 jectsre,

129 2421 184 2482 sed
204 2423 275 2482 sctis
295 2423 413 2497 hebere,
428 2427 454 2482 si
471 2425 501 2482 in
515 2425 588 2484 urbe
608 2427 753 2506 apopuio
771 2436 901 2499 ornetur,
923 2445 1019 2506 neque
1032 2427 1062 2486 in
1075 2428 1228 2506 preconiis

128 2522 275 2591 questum
289 2514 439 2592 aucupari.
461 2514 560 2595 Atque
572 2515 615 2574 ite
626 2518 744 2594 quidem
755 2519 831 2577 letor
839 2518 933 2595 legis:
956 2518 1118 2597 Ctesiphon
1131 2531 1228 2580 eutem

130 2604 299 2692 quomodo?
319 2605 424 2665 Recita
436 2604 598 2665 decretum.

425 2775 432 2785 ’
551 2817 802 2880 oncenrurr.

133 2957 260 3035 Auditis,
272 2960 480 3034 Athenienses,
497 2961 601 3041 jubere
614 2960 825 3040 legislatorem,
838 2970 873 3020 ut
889 2961 940 3039 qui
958 2979 977 3022 e
993 2963 1103 3040 populo
1121 2983 1231 3026 corcus

133 3051 268 3125 donetur,
282 3053 319 3113 de
332 3072 369 3114 eo
381 3055 462 3134 epud
475 3053 616 3134 populum
627 3054 657 3112 in
671 3052 773 3133 Pnyce
787 3051 930 3113 concione
941 3051 1231 3134 hebiteproeconium
1357 3053 1366 3068 '

133 3146 196 3218 fiet,
206 3145 276 3206 tlibi
286 3165 355 3207 vero
369 3165 532 3226 nusquam:
552 3157 583 3207 nt
594 3145 757 3225 Ctesiphon
768 3146 798 3204 in
808 3144 934 3220 metuo,
947 3165 1009 3208 non
1017 3145 1134 3226 legibus
1143 3149 1233 3212 modo

134 3238 249 3320 spretis,
262 3239 317 3299 sed
326 3240 414 3298 etism
423 3240 490 3300 loco
499 3249 688 3310 commutato,
699 3258 760 3298 non
770 3237 999 3300 Atheniensibus
1012 3240 1051 3302 sd
1062 3243 1233 3306 concionem

133 3329 312 3401 convocatis,
321 3331 375 3389 sed
386 3331 470 3391 novis
480 3329 619 3410 tregoedis
628 3330 744 3390 tabulas
757 3328 921 3408 egentibus,
935 3349 994 3392 non
1004 3351 1103 3394 eorem
1112 3335 1233 3414 populo,

134 3423 190 3483 sed
203 3421 405 3500 spectantibus
419 3422 543 3494 Grecis,
557 3433 591 3482 ut
600 3423 686 3482 nobis
698 3423 807 3482 conscii
820 3423 888 3496 sint,
903 3425 983 3503 qusli
996 3445 1051 3486 nos
1064 3426 1233 3489 virobono·
1366 3425 1372 3435 ’

134 3517 386 3581 reminemus.
424 3547 428 3553 >
989 3537 994 3546 ·

171 3611 228 3668 15.
250 3607 328 3668 Cum
340 3607 428 3689 igitur
440 3617 501 3669 tem
511 3619 611 3689 sperte
624 3609 738 3688 legibus
747 3609 892 3670 contrusis
901 3609 1060 3690 scripserit,
1069 3611 1237 3690 conjunctis
1266 3611 1272 3626 '

138 3721 208 3764 curn
225 3701 431 3764 Demosthene
442 3702 552 3763 viribus
569 3701 693 3764 technas
705 3701 850 3780 quendam
867 3699 982 3780 legibus
996 3702 1140 3776 intendet,
1161 3723 1237 3784 ques

137 3815 197 3875 ego
208 3794 293 3855 vobis
304 3794 442 3856 indicnbo
456 3804 489 3856 et
499 3794 670 3874 prestetur,
688 3813 726 3854 ne
746 3792 946 3876 imprudentes
964 3796 993 3856 in
1010 3815 1136 3857 errorem
1149 3778 1236 3858 indri-

139 3887 259 3950 cumini.
290 3887 409 3966 Negare
421 3885 501 3947 enim
513 3887 562 3946 itti
583 3907 643 3948 non
662 3896 810 3968 poterunt,
829 3887 899 3968 quin
918 3889 1000 3968 leges
1020 3897 1131 3961 vetent,
1150 3910 1190 3950 ne
1208 3892 1236 3953 is

139 3999 230 4069 quens
238 3979 368 4061 populus
378 3989 500 4042 coronet
512 3989 596 4041 extre
608 3983 782 4044 concionem
792 3979 967 4060 predicetur
977 3981 1155 4042 {adducent
1168 4003 1237 4049 rere

139 4092 200 4154 qus
217 4090 250 4134 re
270 4072 435 4139 defendent
454 4073 552 4152 legem
572 4073 792 4154 Dionysiscem,
816 4073 938 4153 ejusque
958 4082 1072 4152 purtem
1088 4076 1240 4154 quendem
1315 4069 1318 4074 ’

100 4161 103 4164 ’
142 4165 287 4239 citabant,
299 4184 360 4246 quo
380 4166 499 4228 nuribus
512 4166 617 4228 vestris
631 4167 799 4240 abutuntur,
821 4166 919 4246 legem
942 4163 1069 4244 denique
1089 4168 1240 4247 proferent

141 4257 213 4318 nibil
225 4257 265 4320 td
276 4257 336 4320 hoc
351 4258 495 4339 judicium
511 4260 717 4339 pertinentem,
736 4257 893 4340 dicentque
907 4261 982 4320 dues
995 4277 1062 4320 esse
1075 4259 1106 4320 in
1120 4261 1239 4324 civitate

141 4349 180 4410 ds
192 4351 347 4429 proconi'n
358 4360 493 4432 receptes
502 4352 595 4432 leges,
605 4371 707 4425 unam,
719 4369 807 4430 quem
820 4369 877 4432 ego
897 4370 976 4412 nunc
988 4351 1116 4431 profero,
1129 4353 1240 4416 diserte
1300 4377 1305 4386 ·

143 4453 293 4508 unitam
306 4443 346 4506 de
358 4464 396 4506 so
409 4461 499 4524 quem
512 4443 638 4524 populus
653 4463 763 4520 corcus
776 4443 867 4510 donst
881 4453 963 4508 extre
979 4446 1150 4508 concionem
1164 4464 1239 4526 pre·
