2967 5017
243 291 305 374 s'ss
497 381 499 388 ,
560 261 783 378 reversus
804 313 1030 379 etcertum.

220 542 228 554 ·
244 478 342 530 vestm
354 479 486 537 merem
498 471 653 551 pecurdsnr
666 470 816 532 nauticam
828 471 990 534 mumsrint
1002 486 1095 550 esque
1107 465 1318 530 defraudentur
1325 480 1348 525 s

245 561 426 622 debitoribus
450 572 481 623 et
502 562 731 635 fraudatoribus,
753 565 783 624 in
806 582 954 625 esrcerem
977 562 1068 624 ducii
1099 560 1246 633 Haeccine
1264 567 1346 630 sunt,

226 649 228 656 '
246 651 371 724 Lecrite,
389 655 533 734 quesistis
548 655 762 736 persuadebis?
784 657 845 716 Sed
858 656 908 716 ubi
916 661 967 732 jus
980 654 1203 735 adipiscendum
1216 663 1274 722 est,
1289 651 1346 726 du·¹

245 745 336 818 dices,
348 746 386 806 de
398 747 578 809 mercatoriis
592 747 811 810 contractibus?
841 748 929 829 Apud
940 765 1027 828 quem
1041 742 1265 825 magistratum?
1293 749 1346 802 ant

242 855 303 918 quo
316 838 469 918 temporei
488 840 578 921 Apud
592 840 729 902 undecim
742 839 843 902 virosi
871 842 913 900 At
923 839 955 900 isi
968 850 1152 919 grassatores
1171 846 1203 898 et
1219 838 1299 896 iures
1312 845 1350 915 et

246 927 319 988 alios
340 928 519 994 facinorosos
542 935 647 1014 cepitis
670 951 737 994 reos
757 933 960 994 introducunt.
1000 933 1053 991 An
1072 930 1152 1012 apud
1166 925 1345 1010 praetoremi

244 1019 287 1082 At
305 1023 421 1102 praetori
443 1027 580 1087 orbarum
600 1023 631 1087 et
643 1026 821 1106 pupillorum
835 1039 866 1086 et
882 1036 1038 1107 petentum
1051 1045 1124 1086 cora
1136 1022 1273 1085 mandata
1286 1027 1345 1082 est.

244 1113 304 1198 An,
328 1115 372 1174 its
397 1136 445 1178 rne
471 1132 550 1179 amet
566 1119 692 1200 Jupiter,
709 1119 790 1199 epud
813 1139 911 1199 regem
935 1116 1153 1178 sacrificuiurni
1183 1118 1225 1176 At
1248 1131 1345 1192 neque

245 1205 462 1286 gymnasiarchi
484 1229 596 1282 sumus,
610 1229 708 1290 neque
733 1219 816 1270 reum
836 1229 1004 1289 quenquam
1029 1209 1152 1270 iacimus
1174 1206 1345 1287 impietatis.

244 1298 293 1358 An
316 1299 387 1360 belii
406 1299 467 1359 dux
482 1319 537 1360 nos
559 1302 747 1360 introducet?
778 1301 930 1378 Siquidem
946 1311 1057 1380 ¹tegatur
1070 1301 1109 1361 de
1124 1299 1288 1378 patrocinio
1297 1298 1346 1364 sel

244 1390 361 1452 deserto
374 1393 419 1452 rel
439 1411 498 1452 non
519 1403 646 1472 recepto.
689 1391 817 1453 Proinde
830 1392 1042 1452 restantnobis
1063 1390 1180 1452 duccsi
1207 1391 1247 1450 At
1260 1391 1345 1450 trire-

244 1482 501 1564 miumproeiectos
519 1485 551 1545 hi
571 1495 686 1558 curent,
710 1495 740 1544 et
757 1484 949 1544 introducunt
966 1484 996 1542 in
1014 1483 1178 1558 judicium:
1199 1493 1345 1544 mercato-

184 1569 188 1580 “
244 1573 316 1635 rium
329 1597 398 1638 vero
412 1597 532 1638 seusam
543 1565 656 1639 ‘nullam
673 1575 899 1637 introduxerint.
942 1575 1008 1655 Ego
1020 1594 1091 1637 vero
1107 1571 1253 1635 mercetur
1266 1593 1344 1649 sum,

244 1676 276 1727 et
297 1677 329 1728 tu
348 1671 438 1731 irater
451 1690 486 1731 es
505 1680 536 1732 et
553 1671 648 1733 hares
659 1667 953 1744 ¹rsnins‘mercntoris,
967 1672 1031 1747 ejus
1048 1669 1099 1748 qui
1116 1670 1303 1730 mercatorias
1324 1689 1345 1729 a
1376 1668 1378 1671 ’

243 1759 329 1822 nobis
356 1763 496 1842 pecunias
520 1764 643 1844 accepit.
686 1763 720 1823 In
743 1781 802 1843 quo
825 1762 912 1842 igitur
930 1780 1024 1837 eausa
1038 1761 1104 1822 issac
1120 1761 1345 1842 jud'miodisce·

244 1851 359 1932 ptsnde
375 1855 445 1916 esti
473 1855 572 1928 Doce,
583 1857 708 1924 Lacrite,
722 1856 811 1914 modo
824 1854 1033 1932 requi‘sliquid
1051 1853 1143 1923 dicas,
1161 1863 1192 1911 et
1207 1853 1286 1930 quod
1304 1853 1348 1914 sit

243 1943 359 2024 legibus
371 1959 613 2006 consentaneum.
653 1945 714 2002 Sed
727 1944 838 2002 nullius
850 1943 977 2002 hominis
989 1951 1107 2008 tautum
1121 1950 1168 2000 est
1178 1940 1345 2019 ingenium,

245 2037 295 2113 qui
309 2037 390 2096 hisce
410 2037 448 2094 de
462 2037 551 2094 rebus
564 2034 641 2112 sequi
654 2032 766 2111 aliquid
778 2033 874 2111 possit
885 2032 991 2092 dicere.

288 2129 335 2186 14.
357 2127 461 2206 Neque
482 2145 552 2186 vero
569 2126 616 2186 his
638 2126 745 2198 solum,
759 2124 891 2198 indices,
905 2145 963 2202 ego
984 2122 1096 2206 injuriis
1110 2143 1130 2184 a
1143 2123 1258 2185 Lacrito
1277 2129 1345 2188 effi·

244 2216 317 2291 sior,
337 2220 391 2279 sed
411 2215 529 2299 preter
539 2218 754 2279 fraudationem
766 2217 911 2297 pecunie,
924 2216 1011 2293 etiam
1025 2218 1056 2276 in
1069 2228 1200 2277 extreme
1212 2218 1344 2297 pericula

245 2311 387 2372 venissem
401 2322 544 2391 quantum
558 2311 588 2370 in
601 2313 659 2370 isto
672 2309 791 2390 quidem
804 2311 871 2386 fuit,
885 2308 941 2369 nisi
954 2309 1024 2369 mihi
1036 2311 1206 2391 syngrnpha
1223 2329 1343 2371 succur-

245 2405 339 2476 risset,
354 2414 520 2482 testataque
533 2413 623 2474 esset,
639 2421 685 2464 rne
705 2404 734 2462 in
751 2401 880 2462 Pontum
897 2402 1017 2462 dedisse
1029 2401 1183 2483 pecuniam
1197 2413 1229 2462 et
1240 2423 1341 2465 rursus

246 2487 388 2558 Athenas.
430 2497 534 2556 Nostis
549 2497 625 2556 euim
640 2496 784 2575 proiecto,
798 2494 933 2568 Judices,
953 2495 1049 2575 legem
1071 2515 1160 2576 quam
1181 2516 1218 2556 ea
1240 2515 1341 2557 severa

244 2587 293 2662 sit,
307 2589 331 2648 si
346 2588 411 2668 quis
425 2588 647 2649 Atheniensium
666 2588 724 2649 elio
740 2589 876 2668 quopiam
898 2607 985 2666 quarn
1006 2589 1140 2650 Athenas
1162 2589 1341 2649 frumentum

244 2684 364 2754 vexerit,
377 2690 430 2742 aut
450 2683 603 2762 pecuniam
626 2681 766 2742 mutuarit
786 2681 817 2740 in
835 2680 924 2740 alium
939 2691 1100 2742 merentum
1115 2675 1203 2761 quam
1216 2681 1341 2741 Atheni·

244 2775 367 2846 ensium,
380 2795 448 2854 quse
461 2795 556 2854 poenm
569 2773 608 2834 de
625 2775 671 2834 his
692 2773 859 2833 constitutus
871 2774 941 2844 sint,
950 2793 1039 2853 quam
1053 2782 1168 2851 mngnte
1181 2782 1341 2852 etgraves.

245 2869 342 2948 Atque
364 2867 439 2928 edeo
460 2868 552 2948 ipsam
576 2867 674 2946 potius
687 2865 783 2946 legem
801 2865 847 2924 eis
865 2865 966 2936 recits,
978 2883 1039 2942 quo
1059 2883 1122 2924 rens
1142 2866 1249 2925 certius
1269 2884 1343 2946 cog·

245 2971 380 3022 noscant.
1311 2965 1317 2972 ’

750 3143 842 3202 tex.

280 3269 407 3346 Argentum
427 3287 504 3328 sntsnr
524 3295 568 3326 non
585 3278 655 3328 liceat
673 3279 713 3328 nili
725 3281 898 3331 Atheniensium
914 3292 955 3333 sut
965 3284 1130 3346 inquilinorum
1143 3285 1243 3333 Athenis
1255 3285 1344 3350 degeo·

246 3361 313 3416 tinrn,
321 3371 417 3422 qnorum
428 3357 453 3404 iri
464 3365 519 3404 snut
529 3361 641 3413 suctores,
648 3359 671 3404 in
682 3373 773 3416 nerem,
781 3375 833 3422 qnss
841 3361 980 3408 trumentum
987 3363 1091 3410 Athones
1098 3369 1195 3411 vectura
1204 3380 1249 3411 non
1262 3364 1344 3412 situ·

246 3483 278 3534 et
290 3483 397 3533 caetera
409 3491 475 3550 quse
490 3471 527 3530 de
540 3470 664 3550 singulis
679 3491 779 3532 carum
793 3491 890 3533 rerum
904 3475 1013 3554 scripta
1026 3485 1107 3534 sunt.

277 3603 318 3652 din
329 3601 413 3664 dionis
424 3601 535 3649 sumserit
543 3617 572 3649 eo
582 3601 682 3656 nomiae,
693 3607 718 3653 et
726 3599 826 3650 intent
838 3610 863 3651 st
870 3604 973 3653 describi
983 3606 1056 3654 licere
1064 3613 1185 3668 agentum
1199 3608 1260 3681 spnd
1276 3623 1342 3658 curs·

244 3688 318 3738 tom,
329 3679 521 3741 quemadmodum
535 3678 564 3725 ds
575 3691 633 3726 nava
643 3685 669 3725 et
682 3679 797 3726 frumento
807 3679 896 3728 dictum
908 3690 953 3740 est,
963 3681 1013 3743 peri
1025 3683 1124 3731 ratione.
1155 3685 1188 3732 Bt
1197 3686 1260 3733 sctis
1275 3685 1299 3733 ei
1310 3701 1341 3740 as

117 3771 120 3776 ·
243 3757 313 3804 detur
330 3755 360 3801 de
373 3760 478 3814 urgento,
493 3753 556 3814 qnod
574 3753 620 3802 ιΙίο
637 3754 745 3818 qnopisnr
762 3755 861 3804 eluserit
878 3771 946 3817 quum
962 3759 1082 3818 Athecss;
1098 3776 1173 3821 neque
1191 3761 1341 3825 assistentes

244 3832 306 3880 ullus
317 3831 347 3880 ds
358 3846 386 3878 so
395 3829 488 3900 refer-st.

243 3945 288 4006 Ac
301 3947 350 4006 lex
362 3945 491 4025 quidem,
504 3945 522 4004 J
526 3945 636 4018 udices,
657 3957 717 4004 tam
739 3965 843 4006 seuera
854 3955 920 4006 est:
940 3956 973 4006 st
985 3946 1033 4007 isti
1046 3949 1173 4008 omniurn
1188 3949 1339 4011 hominum

241 4036 438 4116 impurissimi,
452 4055 520 4099 cum
530 4037 560 4095 in
574 4039 741 4117 syngrapha
754 4050 855 4119 aperte
868 4039 1007 4120 scriptum
1022 4041 1069 4111 sit,
1079 4042 1236 4120 pecuniam
1246 4042 1341 4104 Athe·

242 4147 296 4188 nas
320 4129 536 4207 reportandam,
555 4128 749 4209 permiserunt
770 4133 925 4210 pecuniam
945 4153 964 4193 a
981 4133 1066 4194 nobis
1089 4133 1214 4195 Athenis
1236 4145 1340 4194 mutto

241 4229 391 4298 sumptum
414 4222 445 4280 in
469 4222 574 4282 Chium
600 4221 676 4281 vehi.
726 4223 803 4283 Nam
829 4245 897 4284 cum
920 4222 1071 4286 Phaselitis
1093 4225 1288 4286 navicularius
1309 4225 1340 4286 in

242 4313 339 4374 Ponto
359 4311 466 4372 aChio
479 4315 606 4390 quodam
621 4313 739 4374 homine
754 4316 910 4394 pecuniam
924 4326 1116 4387 mutuaretur,
1135 4315 1226 4377 Chius
1237 4325 1339 4378 autem

196 4467 216 4498 x
240 4403 421 4466 sedatorum
435 4417 568 4482 negaret,
581 4407 636 4466 nisi
649 4407 749 4467 omnia
762 4407 816 4468 sibi
829 4428 894 4486 quse
913 4408 1108 4468 navicularius
1122 4410 1242 4470 veheret
1255 4412 1339 4490 oppi-
