2967 5017
378 346 543 407 cournn
566 348 916 413 mouvsooonunr.
1132 351 1193 411 ras
1242 303 1244 307 ⁵

103 508 136 559 et
147 498 263 559 mulctis
278 518 356 579 'quas
374 503 426 581 ipsi
445 504 475 575 in
499 522 531 563 se
545 511 717 572 statuerant,
732 503 758 561 si
779 503 852 582 quid
872 505 1039 575 violassent,
1051 504 1196 584 neglectis
1214 490 1227 507 ’

103 588 167 651 mro
180 588 295 671 legibus
307 595 418 665 restris,
431 590 813 675 qutsjubentuaricularios
827 606 859 656 et
868 607 999 658 vectores
1015 597 1044 655 in
1058 616 1125 658 euru
1139 616 1195 677 ap·

103 682 205 761 pellere
219 698 376 747 mercatum
390 688 427 747 de
441 708 500 766 quo
519 688 596 747 inter
608 688 687 767 ipsus
706 690 885 763 convenerit,
905 690 952 751 sia
966 690 1049 749 aliter
1062 690 1194 764 iecerint,

104 777 233 836 maximis
248 781 339 839 teneri
352 782 456 860 poenis.

139 870 253 941 snos,
267 892 334 931 curn
354 874 475 951 primum
490 872 520 931 id
535 872 645 932 iactum
659 872 835 940 audivimus,
848 892 884 931 ea
902 892 933 931 re
955 874 1092 951 perculsi,
1107 874 1195 934 istum

102 971 227 1022 totarum
246 964 413 1025 insidiarum
438 966 627 1025 architectum
648 964 848 1033 convenimus,
869 965 1067 1041 indignantes,
1091 979 1124 1027 ut
1142 987 1196 1046 pat

102 1066 155 1122 est,
169 1066 199 1113 et
216 1068 426 1134 conquerentes
440 1077 503 1127 nos,
518 1076 585 1115 cum
600 1058 629 1115 in
647 1057 783 1133 pactione
798 1056 894 1133 vorbis
908 1057 1016 1133 apertis
1034 1058 1196 1137 pepigisse·

102 1164 176 1216 miss,
192 1167 228 1207 ne
250 1150 329 1207 navis
348 1169 471 1227 usquam
496 1148 553 1206 alio
575 1167 662 1224 quam
685 1149 818 1207 Athenae
838 1148 1006 1227 appelleret,
1018 1169 1110 1227 enque
1125 1170 1195 1209 con·

102 1236 210 1297 ditione
232 1240 384 1319 pecuniam
405 1240 640 1308 credidissemus,
661 1240 698 1298 ab
721 1259 757 1299 eo
781 1240 811 1297 in
833 1240 1026 1318 suspicionem
1050 1242 1195 1303 adductos

103 1330 177 1408 apud
202 1349 252 1390 eos
275 1332 324 1409 qui
346 1350 400 1389 nos
420 1330 563 1389 criminari
586 1328 694 1389 vellent
716 1340 746 1389 et
768 1330 874 1399 dicere.
890 1352 943 1392 nos
965 1352 1082 1411 quoque
1102 1335 1196 1395 luisse

103 1422 195 1483 socios
215 1424 351 1485 humenti
371 1422 508 1483 Rhodum
530 1423 614 1493 vecti,
637 1424 762 1501 grauiter
779 1426 917 1494 ferentes,
936 1428 1015 1503 quud
1038 1444 1142 1485 navent
1165 1428 1197 1485 iu
1227 1444 1231 1455 ·

103 1528 232 1574 nostrum
247 1526 415 1586 mercatum,
430 1525 462 1574 ut
475 1515 555 1594 pacti
570 1526 678 1587 essent,
692 1536 750 1576 non
766 1518 980 1595 perduxissent.
1010 1520 1085 1577 Cum
1096 1532 1195 1578 autem

103 1606 138 1665 de
151 1608 321 1687 syngrapha
334 1620 364 1667 et
376 1608 487 1682 dejure
501 1607 678 1685 disputando
692 1608 764 1667 nihil
779 1610 993 1686 proficeremus,
1012 1610 1116 1669 saltem
1131 1629 1196 1668 mu·

100 1706 183 1759 usum
198 1710 230 1758 et
242 1718 346 1759 usuras
362 1702 398 1759 ab
410 1699 489 1758 initio
502 1700 660 1776 promissas
675 1700 757 1759 reddi
772 1701 853 1759 nobis
867 1702 1091 1779 postulavimus.
1133 1702 1195 1763 late

98 1801 198 1853 autem
213 1791 254 1851 ita
267 1791 424 1851 insolenter
437 1790 589 1851 nobiscum
599 1791 668 1869 egit,
683 1804 716 1851 ut
730 1811 833 1851 usuras
848 1794 875 1851 in
891 1794 1195 1874 syngraphascriptns

48 1922 54 1939 .
100 1902 130 1943 se
155 1883 293 1943 daturum
320 1894 459 1964 negaret:
492 1884 516 1942 si
551 1895 647 1944 autem
672 1883 769 1955 vultis,
793 1885 896 1963 inquit,
924 1886 1056 1965 accipere
1082 1902 1194 1966 partem

101 1996 227 2037 emensas
239 1978 442 2055 navigationis,
457 1976 534 2035 dabo
547 1976 628 2035 vobis
643 1996 747 2037 rasuras
761 1976 896 2035 Rhodum
909 1997 1011 2055 usque,
1024 1977 1120 2056 plures
1134 2000 1195 2041 nun

102 2068 195 2136 dabo:
222 2069 263 2127 sic
283 2069 345 2149 ipse
364 2068 418 2129 sibi
441 2070 521 2149 leges
543 2069 700 2139 sanciebat,
722 2090 782 2130 non
797 2069 825 2128 in
841 2070 1008 2149 syngrapha
1026 2062 1197 2150 perscriptis

102 2160 313 2221 conditionibus
327 2166 458 2242 parebat.
497 2161 536 2221 Ut
550 2182 680 2222 veronus
695 2162 766 2222 nibil
779 2164 899 2222 istorum
914 2183 1105 2225 concessuros
1121 2166 1194 2227 dini·

103 2272 176 2325 mus,
191 2268 370 2335 reputantes,
386 2256 410 2315 si
424 2256 452 2317 id
468 2256 641 2327 laceremus,
654 2254 746 2315 visum
762 2257 793 2314 iri
808 2270 839 2315 et
857 2276 911 2315 nos
927 2256 1065 2315 Rhodum
1079 2259 1194 2319 vexisse

103 2347 289 2421 frumentum,
302 2349 394 2429 magis
410 2350 497 2409 etiam
507 2348 640 2409 instabat
659 2348 714 2409 iste
737 2349 894 2425 multisque
915 2349 1039 2409 testibus
1056 2350 1193 2411 adhibitis

103 2441 270 2512 accedebat,
294 2462 326 2501 se
347 2452 480 2520 paratum
505 2461 570 2501 esse
594 2442 696 2501 dicens
716 2442 756 2501 ad
776 2440 957 2501 reddendam
982 2454 1013 2501 et
1033 2454 1140 2503 sortem
1163 2456 1195 2505 ct

102 2553 203 2595 usuras
218 2536 356 2595 Rhodum
377 2555 481 2613 usque,
497 2554 554 2593 non
568 2536 650 2612 quod
660 2568 662 2575 ‹
672 2537 700 2594 in
716 2536 814 2594 aninlo
827 2535 955 2606 haberet,
967 2534 1099 2606 Judices,
1112 2538 1194 2614 quic·

103 2644 186 2704 quarn
201 2626 335 2694 reddere,
348 2626 408 2695 sed¹
421 2625 500 2704 quod
515 2624 699 2685 existimabat
712 2646 767 2685 nos
781 2628 932 2704 pecuniam
947 2647 1007 2685 nun
1022 2640 1194 2707 accepturos
1263 2617 1267 2626 ’

104 2718 138 2779 td
152 2719 299 2780 vitandam
315 2718 518 2797 suspicionem.
560 2717 650 2795 quue
668 2737 714 2775 res
729 2718 792 2795 ipsa
806 2718 972 2776 declaravit.

140 2815 169 2871 5.
194 2812 354 2888 Postquam
377 2810 464 2879 enim,
478 2808 684 2878 Athenienses,
705 2820 865 2867 vestrorum
880 2809 986 2867 civium
1001 2810 1129 2887 quidam,
1143 2812 1193 2889 qni

104 2903 291 2966 fortefortuna
311 2907 534 2973 intervenerant,
549 2906 633 2963 nobis
647 2904 812 2964 suadebant
831 2914 863 2962 ut
883 2905 962 2983 quod
980 2904 1098 2965 daretur
1117 2908 1195 2966 acci·

104 3000 298 3080 pererrantis
321 2996 524 3059 controversiis
550 2996 578 3053 in
600 2996 742 3075 judicium
770 2995 944 3064 veniremus,
968 3016 1071 3068 usuras
1095 3009 1194 3058 autem
1268 3016 1281 3027 ‘

106 3088 232 3153 llhodiss
247 3090 539 3151 non'admitteremns
562 3088 656 3149 donec
672 3088 815 3168 judicium
835 3090 926 3159 lieret,
940 3108 994 3147 nos
1019 3087 1069 3148 illu
1085 3109 1194 3151 conce·

106 3182 254 3253 debemus,
269 3204 325 3245 non
341 3184 443 3263 ignari,
454 3182 587 3251 Jrrtlices,
602 3182 671 3261 quid
694 3202 728 3239 ex
743 3180 910 3261 syngrapha
930 3180 1014 3240 nobis
1029 3181 1193 3255 deberetur,

106 3276 152 3335 sod
165 3277 364 3337 existimantes
380 3275 478 3355 donini
492 3274 599 3353 aliquid
616 3274 779 3335 faciendum
791 3285 821 3332 et
831 3273 1141 3344 concedendurnesse,
1156 3294 1193 3335 na

106 3364 165 3429 lites
178 3372 260 3450 sequi
277 3367 455 3429 videremur:
477 3370 528 3427 sed
542 3369 606 3439 iste,
618 3378 650 3426 ut
666 3386 719 3426 nos
729 3366 767 3427 ad
782 3387 840 3426 rcru
856 3368 996 3427 accedere
1012 3370 1093 3439 vidit,
1102 3370 1194 3430 tollite

106 3460 196 3538 igitur,
210 3464 314 3543 inquit,
329 3461 534 3541 syngrapham.
560 3461 623 3520 Nos
637 3459 791 3519 tollamus?
812 3478 866 3518 nos
877 3459 947 3517 nibil
961 3460 1053 3518 minus
1065 3462 1193 3521 facturos

106 3556 328 3634 respondemus:
344 3556 395 3615 sed
410 3554 488 3631 quod
503 3553 541 3613 ad
556 3572 689 3611 nummos
701 3554 847 3622 attineret,
862 3551 941 3630 quud
962 3552 1106 3622 redderet,
1120 3552 1195 3611 arru-

106 3661 237 3723 quaturos
251 3656 349 3709 coram
370 3648 512 3731 mensurio
525 3646 731 3726 syngrapham,
745 3646 910 3704 universam
925 3654 1020 3703 autem
1038 3664 1103 3705 non
1119 3646 1195 3703 anti·

106 3750 246 3817 quaturus,
260 3753 417 3820 antequam
431 3740 468 3799 de
481 3738 684 3799 controversiis
699 3736 893 3817 disceptatum
907 3746 996 3794 esset.
1038 3734 1106 3803 Quo
1116 3735 1194 3794 enirn

25 3830 26 3835 ’
80 3832 241 3913 „juraque
254 3833 460 3896 controversiis
475 3833 654 3893 firmamento
669 3830 836 3900 niteremur,
848 3827 908 3888 sive
922 3827 960 3887 au
974 3827 1124 3896 arbitrum,
1133 3827 1194 3887 sive

108 3924 141 3983 td
150 3924 279 4005 judicem
298 3938 414 3987 ventum
434 3936 526 3999 esset,
544 3924 713 4004 syngrapha
734 3922 860 3992 sublata,
873 3921 904 3981 in
926 3940 985 4001 qua
1003 3917 1196 3983 fundamenta

109 4020 192 4099 notui
211 4020 287 4101 juris
306 4020 362 4079 sita
375 4018 492 4078 essenti
523 4018 597 4077 Haec
620 4015 704 4075 nobis
727 4015 903 4090 dicentibus,
916 4012 1119 4078 Athenienses,
1132 4022 1163 4069 et
1176 4028 1197 4071 a

109 4105 306 4191 Dionysodoro
326 4110 494 4190 petentibus
518 4130 567 4169 ne·
581 4108 776 4188 syngrapham
796 4114 1002 4177 commoveret,
1016 4121 1071 4161 nec
1084 4102 1194 4168 irritatu

108 4194 207 4262 lueret
220 4212 307 4282 quarn
321 4212 353 4263 et
370 4202 422 4281 ipsi
436 4214 527 4261 ratam
542 4200 712 4261 habuissent
725 4212 757 4260 et
769 4199 1002 4266 confirmassent,
1013 4194 1068 4254 sed
1080 4204 1196 4255 tantum

110 4294 235 4367 pecunie
247 4304 388 4378 quantum
411 4294 473 4373 ipse
487 4294 647 4355 obtulisset,
656 4292 801 4360 redderet,
816 4292 854 4351 de
873 4286 1080 4354 controversiis
1096 4298 1194 4349 autem

109 4399 218 4459 mustos
232 4407 297 4448 esse
311 4408 375 4461 nos,
390 4387 450 4447 sive
465 4385 515 4451 uni
529 4388 588 4446 sive
603 4385 749 4465 pluribus
763 4384 826 4461 ipse
840 4382 929 4443 vellet
950 4382 980 4441 in
989 4391 1130 4446 ,mercatu
1146 4382 1194 4460 ju·

110 4475 209 4539 dicium
224 4482 399 4559 permittere,
415 4480 560 4542 recusavit
574 4476 798 4555 Dionysodorus
813 4476 919 4544 omnia,
939 4488 978 4547 et,
993 4494 1062 4535 cum
1074 4490 1197 4551 syngra-
