2967 5017
278 312 339 373 80⁰
623 308 782 373 ottilo
802 312 1030 375 stratonis.

279 463 543 539 cumulum-am
562 468 693 547 corporis
714 466 756 527 sd
785 466 884 528 omnis
907 468 1099 541 habilitatem,
1120 465 1178 527 nisi
1200 474 1234 527 st
1255 466 1390 529 ninus

277 558 368 639 probe
391 566 472 619 esset
494 568 661 631 exornatus,
675 560 807 621 liborum
830 560 1015 621 tolerantiam
1033 558 1131 621 statim
1153 560 1185 619 in
1213 560 1389 639 gymnuiis

276 660 455 713 ostentatam
477 652 583 712 necin
609 652 696 713 factis
723 652 870 714 fefellisti:
902 654 1044 733 reliquum
1070 662 1169 715 autem
1193 652 1302 733 ingenii
1330 652 1386 713 tui

279 743 478 825 splendorem,
496 744 641 825 animique
661 748 758 819 robur,
784 747 815 807 in
837 747 1041 809 certaminibus
1066 745 1247 827 potissimum
1271 745 1385 806 decla·

278 836 359 901 risu.
400 834 451 897 De
460 836 566 915 quibus
579 839 636 899 etsi
648 838 736 899 ordiri
750 858 861 913 vereor,
874 851 1009 900 metuens
1024 860 1062 901 ne
1082 857 1198 917 eaquae
1209 848 1273 899 tun
1285 848 1387 917 gesta

278 939 349 988 sunt
374 928 502 991 oratioue
522 949 580 990 non
599 948 756 1010 assequar:
777 942 876 991 tamen
902 950 997 1011 neque
1022 932 1252 1013 pretermittam.
1291 930 1384 991 Nan

280 1029 364 1101 turpe
387 1022 485 1095 fuerit,
499 1041 565 1101 que
587 1041 642 1084 nos
661 1034 830 1105 spectantes
848 1024 1025 1099 exhilarant,
1046 1044 1083 1085 ea
1103 1024 1183 1085 nolle
1195 1042 1385 1085 commemo·

277 1132 352 1175 rare.
394 1116 442 1175 Ac
456 1116 480 1175 si
494 1116 592 1175 omnia
605 1118 765 1179 certamina
776 1118 882 1179 relerre
895 1116 1010 1191 sellem,
1024 1118 1101 1179 ultra
1112 1116 1233 1177 modum
1246 1115 1382 1177 fortasse

278 1206 363 1267 nobis
375 1208 582 1273 extenderetur
594 1210 702 1271 oratio:
723 1212 810 1271 unius
823 1221 923 1271 autem
942 1211 973 1270 in
994 1229 1053 1289 quo
1076 1209 1201 1269 multum
1212 1206 1383 1269 excelluisu'

279 1300 359 1363 faeta
371 1302 528 1375 mentione,
544 1312 576 1363 et
597 1303 710 1384 reliqua
727 1303 865 1365 indicabo
878 1312 910 1365 et
925 1303 1092 1364 auditorum
1113 1301 1295 1380 benignitate
1310 1319 1380 1362 nos

278 1395 391 1455 abutar.
433 1394 554 1457 Emissis
582 1396 667 1475 bigis,
693 1406 782 1475 atque
807 1396 871 1457 aliis
895 1396 1011 1475 longius
1037 1393 1159 1467 erectis,
1181 1392 1246 1455 aliis
1266 1394 1378 1454 subse·

144 1511 147 1521 ·
278 1486 447 1569 nitentibus,
472 1488 601 1568 utrisque
622 1488 775 1567 superatis,
789 1508 851 1567 prss
869 1489 1011 1567 utrisque,
1033 1496 1069 1547 ut
1086 1486 1198 1555 decuit,
1220 1484 1378 1547 victor‘ninn

279 1578 439 1651 obtinuisti,
472 1578 561 1641 talem
587 1600 725 1643 coronam
754 1580 890 1660 adeptus,
911 1581 942 1639 in
967 1598 1037 1658 qua,
1066 1598 1133 1639 cuni
1164 1578 1230 1657 ipsa
1250 1575 1379 1639 victoria

279 1672 421 1752 preclara
439 1672 487 1743 sit,
501 1681 600 1733 tamen
623 1674 755 1733 erasisse
774 1670 950 1732 incolumem
973 1669 1143 1749 preclarius
1166 1668 1320 1729 ridebatur
1346 1678 1379 1731 et

277 1763 485 1825 admirabilius.
526 1764 603 1825 Nam
629 1766 863 1826 adversariorum
881 1783 968 1825 curru
990 1774 1093 1825 contra
1116 1774 1147 1823 te
1161 1772 1275 1837 moute,
1301 1781 1379 1825 cun·

277 1858 392 1936 ctisque
404 1858 574 1936 putantibus
595 1876 737 1937 equorum
750 1856 918 1917 violentiam
931 1876 993 1916 non
1005 1856 1142 1917 sustineri
1164 1874 1264 1935 posse,
1280 1874 1377 1935 quan·

277 1968 367 2030 quain
391 1950 503 2012 videras
526 1962 697 2011 caeterorum
709 1950 855 2029 quosdam
873 1950 956 2011 nullo
971 1951 1059 2011 etiam
1078 1950 1232 2030 ingruente
1243 1950 1379 2031 periculo

278 2043 400 2103 mirifice
421 2042 500 2121 angi,
524 2042 640 2102 minime
662 2041 833 2122 perterritus
857 2061 890 2102 ea
912 2051 964 2102 aut
983 2042 1127 2121 refugisti,
1141 2042 1196 2103 sed
1216 2052 1249 2103 et
1270 2044 1377 2105 robore

277 2132 367 2193 animi
380 2143 411 2192 et
422 2132 555 2211 bigarum
568 2133 679 2213 impetn
688 2133 769 2193 luisti
782 2133 924 2212 superior,
937 2143 968 2194 et
978 2134 1171 2207 adversarior,
1180 2134 1376 2215 quaerundo

278 2244 368 2286 cursu
389 2244 446 2286 nec
465 2226 625 2306 internupta
643 2226 690 2286 nsi
710 2226 836 2299 fuerant,
849 2225 997 2286 celeritate
1010 2227 1200 2287 antevertisti.
1240 2227 1311 2295 Quo
1332 2228 1378 2289 its

279 2320 399 2379 mutasti
412 2320 522 2380 animos
533 2318 694 2392 hominum,
711 2327 821 2378 utcum
834 2317 918 2377 multi
928 2319 1042 2398 jactent
1054 2320 1084 2378 in
1097 2318 1176 2380 ludis
1189 2319 1376 2399 equestribus

278 2410 351 2470 nihil
364 2430 429 2471 esse
453 2411 573 2489 perinde
591 2410 756 2491 jucundum
777 2419 866 2489 atque
884 2410 1039 2492 naufragia
1058 2430 1204 2485 cunnum,
1218 2412 1295 2491 iique
1307 2430 1378 2473 ress

278 2500 378 2562 dicere
397 2501 561 2577 rideantur,
581 2502 618 2563 de
640 2512 669 2563 te
688 2512 792 2564 contra
803 2512 982 2583 spectatores
998 2522 1103 2564 omnes
1114 2504 1230 2574 soliciti,
1244 2523 1282 2563 ne
1303 2503 1377 2583 qnid

278 2592 332 2654 tibi
347 2592 407 2655 tale
422 2594 577 2671 accideret,
591 2596 790 2659 formidarent.
817 2597 941 2657 Tantam
952 2597 1187 2658 momolentiam
1199 2607 1232 2657 at
1245 2596 1376 2657 madiani

278 2689 311 2749 in
335 2707 436 2749 eorum
458 2690 562 2750 animia
583 2700 689 2752 natnrs
708 2699 762 2751 tua
775 2690 928 2752 excitarat.
969 2689 1072 2770 Neque
1093 2690 1124 2752 id
1143 2689 1256 2771 injuria.
1297 2691 1377 2753 Cum

278 2782 358 2841 enirn
371 2782 501 2863 pulcrum
515 2783 554 2843 sit
566 2785 605 2844 ob
618 2802 709 2843 unum
728 2784 850 2864 aliquod
864 2794 1065 2844 ornamentum
1076 2804 1143 2845 esso
1160 2784 1378 2863 conspicuum:

282 2886 393 2956 quanto
416 2876 546 2957 pulcrius
570 2886 617 2938 est
637 2876 736 2937 omnia
758 2875 924 2957 complecti,
945 2894 1012 2955 quae
1033 2874 1122 2937 homo
1141 2875 1271 2957 prudens
1293 2876 1377 2941 laudi

281 2969 338 3029 ribi
350 2968 489 3030 duxeritl

322 3062 351 3119 8.
374 3062 466 3140 ldque
486 3060 556 3121 inde
574 3060 759 3140 perspicitur.
800 3058 924 3118 Mum
937 3069 968 3119 et
982 3058 1239 3125 Rhadamanthum
1257 3074 1379 3147 propter

275 3152 430 3231 justitiam,
440 3151 599 3211 Herculem
614 3151 823 3228 Castoremque
836 3160 868 3212 et
874 3150 1025 3211 Pollucem
1036 3162 1154 3233 propter
1164 3154 1378 3233 fortitudinem,

279 3242 485 3322 Ganymedem
503 3253 535 3303 et
549 3243 679 3303 Adonim
698 3244 809 3333 atejus
831 3244 945 3325 generis
968 3245 1043 3307 alios
1063 3258 1184 3329 propter
1202 3249 1378 3329 pulcritudi-

279 3354 392 3407 nem,a
413 3335 468 3396 diis
491 3336 643 3397 adamatos
664 3356 727 3399 esse
741 3339 927 3417 reperiemus.
969 3340 1067 3409 Quare
1081 3362 1140 3402 non
1154 3343 1242 3405 miror
1259 3349 1379 3428 eosqui

279 3426 436 3487 amicitiam
458 3436 540 3487 tuam
562 3438 712 3508 expetunt,
730 3430 784 3490 sed
806 3430 872 3491 illos
892 3430 944 3510 qui
957 3450 1015 3491 non
1028 3432 1133 3494 eodem
1149 3437 1239 3497 modo
1251 3458 1326 3518 erg-s
1346 3451 1378 3501 te

278 3517 454 3581 afficiuntur.
495 3520 529 3580 Si
552 3521 602 3601 qui
627 3523 702 3581 enim
724 3524 847 3603 singulis
874 3523 1021 3586 duntaxat
1035 3527 1139 3588 horum
1160 3549 1228 3608 quis
1247 3530 1378 3594 dixirim

280 3614 423 3673 bonorum
446 3614 559 3692 prediti
585 3616 722 3677 convictu
743 3616 866 3677 deorum
879 3628 949 3677 sunt
972 3617 1094 3697 dignati,
1115 3640 1213 3682 noune
1234 3622 1273 3694 ei,
1285 3625 1376 3687 lionio

282 3706 333 3787 qni
345 3718 434 3767 natus
448 3706 495 3777 sit,
509 3707 636 3789 optabile
651 3708 747 3782 fuerit,
759 3714 821 3785 ejus
835 3711 959 3772 amicum
979 3712 1040 3772 lieri
1059 3713 1110 3792 qui
1127 3713 1179 3774 illa
1197 3716 1335 3779 universa
1346 3720 1377 3779 in

282 3818 334 3863 sna
354 3810 500 3881 potestate
513 3800 643 3862 habeat?
672 3802 867 3863 Praedicanda
878 3805 967 3884 igitur
978 3813 1026 3865 est
1034 3807 1078 3865 tui
1088 3818 1119 3867 et
1131 3810 1220 3887 patris
1233 3819 1266 3870 et
1276 3810 1377 3872 matris

278 3902 313 3953 et
329 3902 499 3953 ceterorum
522 3892 751 3974 propinquorum
772 3894 904 3969 felicitas,
923 3896 1003 3975 quod
1022 3899 1151 3977 equales
1171 3908 1239 3961 tuos
1258 3912 1377 3963 tantm

278 3984 516 4045 rirtntnrincas:
538 3985 590 4045 aed
608 3985 712 4047 borum
729 3986 825 4049 multo
842 3988 936 4068 magis
948 4008 1021 4067 quos
1033 3998 1077 4063 tn,
1091 4000 1153 4051 tani
1166 3994 1376 4073 prestantioris

278 4076 399 4138 dotibus
418 4088 548 4151 ornatus,
562 4076 677 4139 delectu
700 4079 799 4139 habito
817 4100 854 4141 er
873 4080 1006 4141 omnibus
1024 4081 1151 4145 amicitia
1169 4096 1223 4145 tua
1235 4086 1376 4166 dignaris

282 4168 359 4229 Nam
378 4170 445 4230 illos
461 4170 579 4232 sununs
592 4180 689 4233 tecuin
702 4171 872 4251 conjunxit:
893 4174 948 4234 bos
971 4193 1026 4234 sua
1045 4176 1136 4236 nnus
1154 4176 1207 4239 tibi
1225 4197 1376 4241 commen·

280 4260 370 4321 davit.
411 4263 470 4328 Qui
483 4264 564 4325 haud
577 4264 639 4324 scio
651 4276 795 4324 amatores
809 4284 857 4338 ne,
871 4286 909 4326 aii
928 4266 983 4325 soli
996 4268 1056 4327 veri
1063 4267 1190 4347 judices,
1208 4270 1268 4331 sirit
1278 4272 1374 4333 nomi·

278 4353 380 4415 nandi.
422 4354 500 4416 Nam
523 4356 594 4417 milii
612 4358 732 4436 quidem
745 4358 860 4418 ridetur
872 4358 955 4419 initio
978 4359 1104 4433 fortuna,
1122 4365 1300 4444 contemptis
1319 4366 1376 4425 im·

277 4445 387 4526 probis,
399 4446 587 4509 bonestorum
605 4450 730 4512 riroinm
747 4461 860 4513 mentes
881 4452 993 4514 irritare
1011 4452 1127 4529 rolens,
1138 4466 1273 4518 autumn
1291 4466 1374 4519 tuan
