2967 5017
377 414 379 417 .
486 351 532 410 IN
552 348 892 412 omissionum.
1202 298 1251 416 75.Ι

140 497 235 560 lectos
253 499 421 562 ran'ociniis.
457 502 527 571 Quo
539 513 629 582 pecto
637 503 770 576 tandem
782 506 832 582 qui
847 523 908 564 nec
916 499 1043 583 sumpsit
1055 519 1110 562 nec
1129 502 1238 562 insum-

139 592 200 669 psit
211 591 377 672 quicquam,
389 594 532 662 ratiomm
550 596 658 656 reddet
675 595 807 656 civitati?
828 595 888 654 Lex
909 595 975 674 ipsa
995 595 1114 674 subjicit
1130 614 1166 655 ac
1185 594 1242 678 de-

139 682 236 742 oleret
244 701 312 762 quoe
322 684 478 745 scribenda
491 684 560 746 sint.
581 687 675 746 Juhet
684 687 762 746 enim
772 686 830 748 hoc
844 686 940 766 ipsum
953 685 1061 746 tehulis
1072 685 1241 758 inscribere,

139 792 177 832 se
209 795 278 835 nec
314 777 742 858 sumpsissequicquam
768 798 786 838 e
812 778 967 858 publico
1001 796 1071 838 nec
1099 779 1236 837 insum-

137 865 271 944 psisse.
300 868 431 932 Omnino
444 881 541 931 autem
553 891 665 942 eornm,
676 891 743 950 quse
757 872 787 931 in
800 870 855 930 hac
870 869 987 930 civitate
1002 871 1164 944 suntnihil
1179 881 1239 942 est,
1297 923 1301 929 .

136 957 248 1037 dequo
261 980 322 1023 non
335 962 489 1023 reddenda
497 962 538 1024 sit
546 964 631 1038 ratio,
643 963 681 1024 de
690 983 751 1041 quo
760 981 820 1023 nou
829 962 867 1022 sit
875 964 1075 1040 quarendum,
1085 963 1164 1041 quod
1177 982 1237 1022 non

133 1049 411 1219 lseitgerrplorendum.
440 1055 517 1124 Quo
528 1065 564 1114 ut
576 1075 596 1116 s
608 1075 657 1115 me
669 1074 737 1116 vere
756 1055 815 1116 dici
836 1056 1027 1134 pernoscatis,
1042 1055 1122 1135 ipsas
1136 1055 1236 1116 audite

184 1160 225 1202 es.

183 1315 193 1325 “
610 1317 752 1378 LEGES.

134 1438 212 1498 Gnm
232 1441 322 1518 igitur
334 1443 365 1501 in
384 1442 442 1504 hnc
460 1445 589 1505 maxime
606 1466 640 1506 se
655 1449 780 1528 J'actebit
803 1447 1032 1520 Demosthenes,
1050 1447 1187 1526 dicetque
1203 1467 1234 1508 se

131 1539 252 1609 propter
264 1533 446 1613 largitionem
462 1556 545 1598 suam
563 1539 724 1599 rationibus
739 1541 897 1601 reddendis
911 1559 971 1600 non
984 1559 1050 1599 esse
1064 1540 1233 1611 obnoxium,

132 1618 207 1680 illud
239 1626 338 1684 statim
366 1631 395 1685 ei
421 1631 570 1705 opponite,
598 1650 685 1708 ergo
717 1643 763 1702 te,
799 1631 1078 1703 Demosthenes,
1107 1631 1232 1691 sinere

133 1717 328 1791 oportebat
348 1719 657 1779 ratiocinatornm
675 1741 882 1800 praeconem
898 1725 1057 1802 patrium
1081 1722 1231 1783 illudet

130 1803 337 1883 legitimum
361 1811 585 1886 preconium
605 1831 796 1891 usurpare,
821 1835 897 1880 curs
922 1833 1095 1880 accusare
1118 1815 1230 1874 vnnr't

132 1898 247 1958 sinito
280 1901 497 1981 disceptare
531 1913 649 1962 tecum
684 1906 847 1984 quemvis
882 1906 1025 1978 civium,
1060 1905 1229 1964 an·nihil

131 1991 182 2049 sis
212 1992 386 2076 largitus,
414 1995 478 2054 sed
514 1995 557 2055 de
581 1996 718 2068 multis,
747 2017 825 2076 qum
855 2009 1017 2077 accepta
1050 1997 1161 2058 hebes
1194 2000 1228 2056 in

128 2101 315 2144 murorum
330 2087 592 2160 relectionem,
610 2108 733 2168 pauca
752 2091 988 2170 impenderis,
1007 2107 1084 2149 cum
1105 2089 1227 2149 decem

129 2173 275 2233 talenta
299 2196 345 2236 eo
372 2178 527 2237 nomine
556 2180 769 2240 celsitate
801 2181 1046 2260 accepisses:
1071 2197 1119 2239 ne
1151 2181 1228 2240 tibi

130 2263 401 2327 liberalitatis
425 2269 577 2329 leudem
604 2272 751 2350 rapito,
775 2291 897 2351 neque
927 2271 1106 2332 calculos
1128 2291 1144 2330 e
1166 2273 1226 2350 ju·

130 2356 254 2417 dicum
286 2359 462 2420 manibus
489 2371 762 2442 extorquete,
780 2382 903 2440 neque
930 2364 1041 2442 leges
1069 2372 1225 2422 antece·

132 2448 222 2507 dere
250 2449 320 2508 sed
348 2451 456 2528 sequi
486 2451 586 2511 velis
611 2455 651 2511 in
681 2473 756 2533 rep.
790 2452 966 2531 gerenda.
1004 2454 1096 2514 Haeo
1126 2454 1226 2514 enim

130 2539 439 2600 dominationem
465 2544 625 2619 erigunt
648 2545 883 2623 popularem.

171 2633 218 2689 10.
239 2631 343 2709 ltaque
357 2631 499 2690 adversus
513 2632 622 2706 lutiles,
636 2652 711 2710 quos
719 2635 834 2712 fingent
842 2635 901 2704 isti,
911 2643 1071 2712 praetextus
1081 2635 1225 2696 hactenus
1340 2671 1347 2700 ι

127 2723 246 2784 anobis
266 2724 376 2783 dictum
392 2725 440 2783 sit.
469 2723 586 2784 Revera
605 2733 702 2784 autem
718 2725 878 2784 referendis
890 2719 1050 2784 rationibus
1066 2726 1225 2786 obnoxium

126 2817 219 2877 luisse
233 2815 478 2895 Demosthenem,
487 2817 538 2876 ubi
552 2816 656 2876 scitum
669 2816 750 2876 istud
771 2815 932 2895 Ctesiphon
946 2816 1068 2894 rogavit,
1086 2835 1153 2874 cum
1171 2836 1224 2895 pe-

126 2909 222 2992 cuniae
234 2908 380 2978 theatraH,
394 2918 425 2968 et
435 2929 582 2968 murorum
597 2907 684 2968 simul
698 2907 849 2968 refectioni
862 2908 1034 2987 praepositus
1048 2919 1135 2980 esset,
1151 2927 1223 2969 neu·
1291 2913 1293 2916 ’

125 3001 256 3078 triusque
270 3000 459 3078 magistratus
472 3000 613 3060 rationem
628 3000 820 3073 reddidisset,
834 3021 890 3080 ego
906 3001 968 3080 jam
987 3019 1039 3060 vos
1059 3020 1097 3060 ex
1116 3001 1223 3062 tabulis
1335 3065 1339 3072 ,

125 3091 249 3173 publicis
273 3091 401 3152 conabor
422 3092 555 3152 edocere.
591 3093 697 3152 Recita
722 3111 792 3170 ergo
818 3092 897 3164 mihi,
925 3112 985 3170 qun
1006 3102 1139 3172 praetore,
1163 3111 1222 3170 quo

124 3205 236 3258 mense,
245 3204 304 3263 quo
314 3184 371 3256 die,
381 3194 412 3244 et
425 3185 456 3244 in
469 3204 529 3263 que
541 3186 682 3245 concione
693 3184 911 3245 Demosthenes
925 3185 1075 3244 theatralis
1088 3184 1221 3262 pecunioe

124 3287 241 3337 curator
255 3277 295 3335 sit
308 3276 434 3335 electus.
466 3278 521 3353 [Ut
534 3277 708 3354 intelligatis,
733 3275 882 3336 decretam
906 3276 933 3335 ei
953 3295 1089 3336 coronam
1107 3296 1171 3337 esse
1191 3277 1221 3336 in

122 3368 221 3429 medio
234 3356 430 3444 magistratu]
462 3366 577 3426 Recita.

441 3573 697 3633 SUPPUTATIO
720 3575 896 3634 DIERUM.

121 3719 226 3796 ltaque
241 3718 266 3776 si
279 3715 350 3776 nihil
363 3715 488 3795 amplius
501 3715 693 3793 probaverim,
702 3716 772 3795 jure
786 3726 884 3776 tamen
905 3713 1015 3794 optimo
1033 3713 1218 3794 damnaretur

121 3809 294 3890 Ctesiphon.
317 3808 422 3887 Neque
436 3807 515 3868 enim
529 3826 595 3866 eum
609 3808 759 3868 accusatio
772 3825 849 3884 mea,
860 3805 912 3866 sed
927 3807 1122 3885 actapublice
1134 3826 1217 3867 coar·

161 3911 226 3960 unt
717 3951 723 3961 ,

119 3921 211 4052 gul'l.
223 3991 304 4050 ‘Erat
322 3990 392 4052 olim
405 3991 534 4070 quidem,
549 3990 755 4062 Athenienses,
774 4001 876 4049 custos
895 4009 913 4048 n
933 3990 1050 4050 civitate
1072 3988 1216 4066 delectus,
1278 3985 1282 3992 ’

118 4085 212 4166 quiin
226 4083 350 4162 singulis
363 4084 490 4143 tribuum
504 4083 630 4163 imperiis
643 4079 972 4159 rationesvectignlium
986 4080 1095 4159 populo
1109 4079 1214 4142 refere-

117 4180 188 4238 bat:
207 4187 325 4256 propter
340 4194 405 4235 eam
424 4183 521 4234 autem
535 4194 625 4255 quam
645 4173 724 4253 apud
742 4191 796 4232 ros
817 4171 950 4231 Eubulus
971 4181 1149 4231 consecutus
1167 4181 1216 4232 est

120 4271 332 4340 auctoritatem,
345 4268 365 4327 ii
383 4267 489 4348 quibus
508 4263 806 4343 theatralispeounia
826 4263 964 4343 suihagio
985 4263 1124 4324 mandate
1140 4273 1214 4337 erat,

117 4362 315 4440 iungebantur
326 4359 457 4438 quidem,
470 4367 539 4420 ante
552 4359 649 4438 legem
661 4356 741 4416 illam
756 4355 945 4434 Hegemonis,
961 4365 991 4414 et
1007 4355 1138 4417 custodis
1150 4377 1212 4416 ma·

117 4454 252 4533 gistratu,
266 4465 296 4514 et
308 4461 488 4532 quaestorum
501 4449 589 4514 simul
603 4459 635 4511 et
648 4449 800 4512 navalibus
813 4449 1015 4528 prefectorum
1034 4447 1213 4521 muneribus,
