2967 5017
501 343 544 402 ιιι
565 309 901 407 mastrucarum.
1124 325 1129 332 '
1185 299 1240 406 ros

565 605 814 690 nucniruu.
941 620 944 628 '

27 774 31 785 '
147 771 217 832 Hoc
229 769 351 843 decretu
363 770 534 834 obliteratur
547 793 647 835 eorum
661 745 823 854 pmmium,
837 775 888 852 qui
902 773 1042 854 populum
1055 745 1266 846 reduxeruut*-

147 862 216 926 Hoc
236 862 262 925 si
281 862 439 926 honestum
452 873 507 935 eat,
525 864 599 926 illud
618 877 702 945 turpe
714 867 784 928 fuit:
808 867 833 926 si
846 867 888 932 illi
905 868 1010 928 merito
1022 867 1131 928 honore
1145 869 1242 930 affecti

147 963 226 1023 aaut
241 954 289 1014 hic
300 955 444 1015 immerito
457 974 568 1016 corona
580 967 711 1019 ornatur.
805 1005 810 1015 .

187 1047 238 1104 63.
258 1045 300 1106 At
309 1047 386 1106 enirn
400 1045 489 1107 audio
498 1046 644 1106 dicturum
657 1067 723 1108 esse
736 1049 976 1120 Demosthenem,
990 1070 1038 1111 me
1051 1071 1154 1131 parum
1164 1055 1244 1132 juste

146 1137 244 1197 meare
256 1139 308 1215 qui
328 1138 470 1217 majorum
483 1158 530 1198 rea
549 1149 651 1216 gestas
670 1159 737 1199 cum
751 1140 812 1200 suis
829 1143 1014 1205 contendam.
1046 1144 1152 1224 Neque
1166 1145 1243 1206 enirn

145 1229 230 1305 (siet)
240 1228 425 1288 Philammon
434 1228 516 1307 pugil
526 1228 672 1310 Olympiis
681 1250 820 1293 coronam
832 1234 956 1312 adeptus
964 1245 1019 1310 est,
1027 1238 1108 1317 quod
1115 1247 1244 1314 veterem

146 1319 230 1379 illum
242 1318 373 1399 pugilem
387 1319 547 1397 Glaucum,
561 1321 615 1381 sed
629 1323 709 1401 quod
722 1341 784 1384 auu
798 1325 890 1384 eutis
904 1335 1074 1400 certatores,
1089 1332 1244 1408 superauit.

148 1410 243 1479 Quasi
255 1429 325 1470 vero
333 1411 482 1481 nesciatis,
492 1411 641 1491 pugilibus
651 1414 807 1476 intensae
816 1417 1075 1497 propositumesae
1086 1430 1245 1495 certamen,

147 1502 183 1561 iis
197 1510 295 1561 autem
308 1503 361 1581 qui
370 1521 509 1569 coronam
523 1517 652 1584 poscunt
664 1527 732 1572 curu
744 1509 810 1588 ipsa
823 1509 939 1582 virtuts,
953 1511 1038 1589 cujus
1052 1510 1141 1572 etiam
1155 1531 1246 1574 causa

148 1603 336 1656 coronantur.
372 1596 497 1675 Oportet
507 1598 586 1658 enirn
599 1601 753 1666 mendacio
768 1619 873 1662 vacue
891 1621 1067 1682 preconem,
1081 1620 1154 1662 cum
1175 1602 1245 1682 quid
1338 1671 1343 1680 ¹

146 1684 179 1744 in
193 1686 308 1754 theatro
320 1705 419 1747 coram
429 1686 542 1758 Gracia
551 1692 702 1770 praedicat.
727 1694 828 1758 Quare
837 1693 903 1760 noli
916 1695 1000 1756 nobis
1011 1694 1141 1774 pluribus
1150 1695 1246 1756 verbis

148 1777 358 1851 demonstrare,
379 1790 409 1850 te
422 1781 453 1850 in
465 1799 527 1862 rep.
540 1783 771 1846 administranda
784 1785 955 1846 pelecinos
974 1787 1064 1848 fuisse
1085 1785 1245 1860 meliorem,

148 1870 202 1930 sed
214 1871 266 1932 ubi
277 1872 392 1934 virtutis
405 1892 526 1954 compos
536 1876 635 1952 fueris,
645 1877 688 1938 its
700 1878 817 1940 demum
832 1878 941 1957 gratim
954 1899 973 1940 a
986 1879 1095 1960 populo
1106 1879 1244 1957 deposce.

149 1963 260 2024 Verum
272 1985 310 2025 ne
326 1986 380 2028 ros
398 1988 416 2028 a
435 1969 583 2049 proposito
604 1972 762 2042 abducam,
778 1973 874 2034 scriba
887 1974 970 2035 uobis
984 1975 1161 2054 epigramma
1174 1973 1247 2034 reci·

148 2057 232 2130 tabit,
246 2059 328 2137 quod
346 2060 379 2122 ia
393 2081 446 2122 eos
459 2064 598 2144 scriptum
612 2064 721 2144 estqui
740 2066 882 2145 populum
897 2085 915 2126 a
928 2066 1226 2146 Phyle-reduxerunt.

557 2237 829 2378 serenantur.
927 2367 932 2380 Ι

234 2463 244 2481 ,
341 2428 426 2480 uuo·
435 2445 572 2480 summan
582 2432 741 2495 animasum
752 2433 926 2496 uturp-101·

211 2545 217 2554 ,
374 2503 478 2551 Virtutis
490 2521 546 2566 erqo
554 2508 627 2564 jussit
639 2509 725 2554 Ιιοιιοη
738 2511 795 2566 οοΙί,

276 2580 280 2586 ’
343 2577 445 2636 Quique
431 2579 653 2640 ondamlnuosarjst
627 2581 773 2628 aroenrbant
746 2585 894 2642 arsbtynnn

375 2647 624 2713 Otjtoenusvuuen
589 2653 753 2712 mitiourpors
762 2671 805 2712 pro
816 2601 932 2712 petritum

149 2791 310 2883 Prqpterea
324 2788 404 2866 quod
417 2807 469 2848 eos
488 2789 539 2866 qui
552 2800 656 2850 contra
669 2791 751 2870 leges
763 2791 907 2851 dominati
922 2802 992 2852 sunt
1012 2797 1177 2886 everterint,
1193 2799 1246 2857 bo·

148 2904 220 2964 nore
241 2881 364 2941 affectos
383 2900 450 2940 esse
463 2879 535 2940 dicit
551 2892 650 2960 poeto.
680 2883 788 2942 Adbuc
810 2884 885 2942 enim
900 2885 1029 2949 omnium
1042 2905 1128 2948 aures
1141 2908 1193 2948 oua
1214 2909 1247 2949 es

147 2975 335 3054 personabat,
344 2973 545 3052 populumillo
555 2974 680 3036 mamare
688 2986 818 3056 tempore
830 2995 963 3037 eversum
977 2977 1069 3039 fuisse
1071 2991 1247 3060 postquam

143 3067 257 3145 judicia
270 3066 309 3125 de
323 3063 450 3125 decretis
462 3075 567 3129 conus
577 3066 660 3145 leges
673 3066 907 3127 fectisaonnulli
927 3070 1125 3131 sustulissent.

189 3161 240 3218 64.
262 3158 408 3236 Equidem
421 3167 520 3240 ntego
528 3159 568 3220 de
578 3169 659 3238 patre
672 3178 739 3219 meo
751 3159 916 3238 audiebam,
930 3161 978 3242 qui
988 3181 1066 3223 suno
1075 3163 1170 3224 atatis
1183 3183 1246 3224 suas

148 3251 250 3331 quinto
258 3262 294 3318 et
315 3250 507 3329 nonagesimo
527 3250 605 3312 diem
626 3251 708 3322 obiit,
727 3271 795 3311 cum
816 3253 947 3312 omnium
962 3254 1038 3334 reip.
1053 3257 1246 3316 erumnarum

148 3341 296 3422 particeps
310 3342 425 3414 fuisset,
436 3361 511 3420 quas
525 3363 605 3422 seps
616 3363 731 3403 mecum
742 3364 795 3423 per
808 3344 901 3404 otium
910 3346 1144 3408 conferebat—t
1164 3348 1189 3408 is
1204 3349 1247 3407 ia·
1302 3397 1309 3406 .

147 3453 230 3512 qaam
243 3433 372 3505 dicebat,
385 3434 486 3520 primis
498 3435 556 3496 illis
570 3435 751 3514 temporibus
764 3436 870 3516 quibua
883 3437 1011 3517 populus
1031 3439 1170 3500 reductus
1184 3441 1247 3501 fue·

148 3534 206 3597 rat,
220 3525 305 3604 siqua
316 3526 354 3585 de
368 3527 494 3586 decretis
509 3535 613 3606 contra
626 3526 707 3605 leges
718 3529 834 3608 scriptis
849 3531 962 3596 asbain
972 3527 1116 3603 judicium
1128 3533 1247 3606 venerit,

148 3620 257 3682 similia
267 3620 356 3699 plane
369 3619 461 3680 fuisse
472 3629 504 3680 et
515 3639 622 3679 nomen
635 3630 665 3681 et
677 3620 797 3682 factum.
828 3620 907 3688 Quid
921 3621 999 3680 euim
1018 3630 1066 3679 est
1077 3622 1247 3682 sceleratius

148 3713 276 3783 homine,
288 3713 339 3791 qui
352 3731 398 3772 res
412 3713 527 3791 iegibus
541 3713 679 3772 adversas
700 3713 773 3773 dicit
786 3722 835 3774 aut
848 3712 943 3772 faciti
973 3712 1076 3792 Neque
1089 3733 1158 3774 vero
1166 3715 1246 3794 judi·

148 3824 211 3878 ces,
224 3815 259 3864 ut
268 3805 318 3864 ille
330 3804 484 3878 referebat,
497 3807 600 3866 eadem
610 3804 794 3884 rationeque
806 3822 896 3876 nuno,
908 3805 946 3864 de
958 3823 1049 3866 causa
1062 3816 1244 3884 cog-norunte

150 3907 236 3959 erant
248 3896 326 3958 enim
339 3900 369 3958 in
382 3917 444 3968 eor,
459 3899 509 3979 qui
524 3899 642 3964 decreta
663 3898 778 3988 legibus
800 3897 925 3958 adversa
937 3897 1075 3970 tulerant,
1084 3899 1187 3965 ¹multo
1200 3901 1246 3959 in-

148 3990 284 4052 festiores
297 4009 387 4068 quam
399 3991 461 4069 ipse
473 3991 562 4051 etiam
582 4000 747 4063 accusatur,
761 3998 793 4049 et
804 4006 1003 4068 saepenumero
1017 3990 1140 4050 scribam
1161 4010 1245 4050 revo-

148 4071 491 4162 cabanu'jubebuntque
513 4084 596 4162 leges
619 4095 650 4144 et
669 4083 820 4168 decretum
845 4083 951 4142 iterum
970 4082 1103 4155 recitare,
1125 4083 1247 4144 damna·

147 4174 257 4232 bautur
268 4175 396 4253 denique
408 4175 430 4234 ii
443 4176 494 4253 qui
503 4185 606 4239 contra
618 4176 699 4253 leges
710 4174 884 4254 scripserant
895 4193 953 4234 uon
965 4175 989 4235 ai
1001 4174 1152 4235 universas
1164 4174 1248 4257 leges

149 4267 328 4344 msgressi
338 4266 472 4340 fuissent,
485 4268 540 4328 sed
554 4269 579 4328 si
599 4286 688 4328 unam
708 4267 855 4332 duntaxat
874 4266 1015 4346 syllabam
1033 4269 1247 4336 immutassent.

150 4359 194 4420 At
204 4360 409 4438 perridiculum
420 4372 477 4434 est,
491 4363 572 4442 quod
588 4380 669 4424 nunc
681 4350 842 4422 fieri'solet.
861 4353 971 4422 ‘Scriba
981 4362 1132 4422 decretum
1142 4361 1248 4420 recitat
1346 4355 1347 4360 ’

152 4464 256 4514 contra
268 4454 351 4534 leges
370 4456 481 4518 factum
491 4476 501 4527 ς
518 4456 645 4535 judices,
661 4455 746 4535 quasi
768 4454 943 4516 cantilenam
964 4465 1018 4516 aut
1034 4473 1095 4516 rem
1109 4473 1127 4514 a
1137 4453 1248 4532 judicio
1308 4503 1315 4514 .
