2967 5017
487 331 571 393 rao
595 285 858 402 euoeuroun.
1158 335 1218 394 aas

125 487 200 549 quta·
205 479 238 532 et
250 491 267 532 e
281 469 422 540 divisione
435 469 599 535 et'redacto
612 489 670 534 ore
683 470 779 540 alieno
792 480 824 532 et
835 489 873 532 ex
889 469 1083 532 locationibus
1095 472 1220 552 occepit,

124 581 191 630 eum
206 562 332 642 amplius
349 561 542 642 quadraginta
563 562 676 622 talenta
697 562 855 642 accepisse.
867 562 1023 651 cpnstabit,
1037 562 1167 640 exceptis
1184 563 1222 622 iis
1256 595 1266 614 x

123 674 191 732 quse
205 655 255 715 hic
267 655 294 716 ei
307 655 437 724 donavit,
452 664 482 712 et
495 654 633 714 maternis
646 652 761 730 opibus,
776 664 806 712 et
818 652 875 712 illis
888 662 1013 732 quatuor
1024 654 1141 716 talentis
1152 673 1221 714 cum

123 743 291 806 dimidio'et
303 745 449 808 sexcentis
465 743 620 816 drachmis,
634 763 700 820 quse
715 755 836 823 accepte
845 745 883 804 de
896 765 1070 824 mensanon
1082 745 1188 824 reddit.

167 837 217 896 15.
237 837 279 896 At
297 835 364 898 haec
385 836 514 914 respub,
537 834 658 913 inquiet,
681 836 805 913 accepit,
819 844 850 895 et
869 836 969 915 inique
990 856 1104 898 mecum
1122 845 1220 896 actum

123 927 245 1006 estqui
266 926 359 990 multe
376 928 406 986 in
426 927 558 1006 rempub.
578 924 776 986 contulerim?
808 926 882 998 lmo,
896 945 962 1004 qum
982 929 1093 1005 reipub.
1107 927 1221 1006 praesti·

121 1018 196 1093 tisti,
211 1038 249 1097 ea
272 1019 309 1080 de
329 1017 474 1080 communi
495 1016 620 1098 pecunia
633 1027 664 1076 tu
685 1025 715 1076 et
737 1015 827 1076 frater
847 1015 1047 1094 impendistis:
1068 1037 1134 1094 qum
1152 1036 1221 1079 vero

123 1108 245 1182 deinde,
257 1118 373 1180 tentum
394 1111 479 1170 abest
502 1118 535 1168 ut
556 1110 681 1170 duorum
703 1107 856 1182 talentum,
875 1117 910 1167 ut
929 1127 966 1167 ne
980 1107 1081 1186 viginti
1102 1109 1222 1186 quidem

122 1201 280 1274 minarum,
294 1201 419 1260 reditum
434 1210 562 1279 sequent.
589 1200 636 1260 Ne
649 1200 736 1278 igitur
749 1219 839 1280 remp.
855 1199 1020 1274 criminare,
1033 1219 1098 1272 nec,
1109 1221 1177 1278 quse
1189 1212 1222 1262 tu

123 1291 163 1352 de
177 1293 353 1372 patrimonio
366 1292 509 1371 flagitiose
523 1303 553 1351 et
569 1291 645 1352 male
658 1291 820 1372 perdidisti,
833 1291 966 1372 impensa
978 1313 1044 1352 esse
1057 1293 1145 1352 dicito
1167 1294 1221 1353 rei·
1234 1332 1239 1338 -

122 1385 193 1462 pub.
238 1386 279 1444 Ut
299 1395 395 1444 autam
410 1384 519 1458 aciatis,
538 1385 742 1458 Athenienses,
761 1393 791 1443 et
809 1383 1020 1446 multitudinem
1034 1386 1222 1464 pecuniarum

123 1493 200 1552 quas
224 1476 350 1557 accepit,
370 1487 399 1536 et
422 1496 622 1555 muneraque
643 1477 724 1552 obiit,
747 1477 918 1555 singulatim
937 1478 1022 1540 uobis
1040 1478 1086 1538 bie
1105 1477 1222 1538 libellus

21 1611 22 1624 2
123 1565 251 1647 legetur,
262 1579 295 1628 et
305 1570 475 1648 prouocatio
487 1571 563 1642 bueo,
576 1579 609 1630 et
618 1571 682 1630 haec
695 1570 871 1633 mamona

191 1871 198 1890 o
258 1795 461 1854 LIBELLUS.
503 1793 785 1857 Pttovoce'rto.
824 1797 1092 1858 TESTIMONIA.

120 1948 258 2008 Tantam
273 1947 363 2026 igitur
376 1949 527 2026 pecumm
540 1967 606 2006 curn
627 1949 774 2026 acceperit
785 1957 818 2008 et
830 1951 949 2008 nomina
964 1949 1117 2009 multorum
1130 1953 1222 2012 telen-

122 2053 185 2100 tum
201 2037 302 2098 adhuc
316 2038 433 2110 babeat,
448 2047 570 2117 quorum
584 2037 643 2098 alia
656 2057 675 2097 a
687 2039 852 2098 volentibus
865 2040 964 2118 exigit,
980 2039 1037 2098 alia
1045 2041 1159 2118 judicio
1172 2061 1222 2100 er·

123 2139 254 2210 torquet,
274 2149 341 2208 quse
365 2140 448 2190 extre
468 2149 576 2189 mensae
596 2129 768 2190 locationem
784 2142 816 2190 et
835 2141 958 2190 crateras
980 2150 1049 2208 opes
1063 2131 1222 2201 ajPasione

123 2223 241 2283 relictos
257 2220 286 2281 ei
304 2221 495 2293 debebantur,
512 2241 636 2301 qumque
659 2241 751 2282 nunc·
763 2221 803 2282 ed
824 2223 897 2283 istos
919 2222 1074 2294 redierunt,
1096 2243 1222 2303 eumque

123 2314 257 2376 tantillos
269 2325 401 2394 sumptus
415 2315 516 2376 lecerit
538 2315 763 2395 quantulosvos'
782 2315 944 2385 audivistis,
963 2333 1002 2376 ne
1021 2315 1141 2376 minima
1158 2319 1222 2394 qui·

124 2407 191 2468 den
210 2404 358 2466 redituum
371 2417 463 2486 parte,
477 2407 584 2467 nedum
598 2417 675 2468 sorte
690 2408 765 2486 ipsa,
777 2407 807 2465 in
820 2405 941 2486 publica
949 2426 1070 2467 munera
1080 2408 1222 2487 impensa,

125 2506 226 2561 tamen
246 2500 417 2579 gloriabitur
430 2511 462 2560 et
474 2500 680 2561 instructiones
693 2500 851 2561 triremium
866 2510 897 2558 et
915 2499 1070 2560 aedilitates
1078 2500 1220 2578 jactabit:

126 2611 182 2670 ego
194 2611 276 2663 vero,
291 2609 328 2652 aa
341 2593 417 2652 falso
430 2593 585 2664 dicturum,
600 2591 725 2652 ostendi.
768 2592 843 2659 Quoe
863 2591 889 2650 si
906 2611 974 2650 vere
995 2601 1098 2650 essem
1114 2591 1221 2660 omnia,

125 2683 277 2744 honestius
291 2695 391 2743 temen
404 2695 436 2742 et
443 2684 550 2761 justius
565 2683 666 2760 opinor
676 2683 765 2738 fuerit
781 2683 870 2740 iemm
882 2681 965 2741 vobis
983 2681 1021 2739 de
1041 2701 1094 2739 suo
1114 2681 1224 2758 largiri,

127 2793 226 2853 quem,
242 2789 293 2832 ros
316 2775 403 2850 liujus
425 2789 498 2847 opes
517 2773 566 2827 isti
579 2770 705 2840 tradere,
723 2779 758 2827 ut
776 2769 832 2846 ipsi
850 2771 946 2847 par-eia
964 2772 1168 2830 emolumentis
1185 2791 1222 2830 ex

33 2896 38 2906 ·
128 2868 263 2926 omnibus
283 2862 436 2942 perceptis,
447 2861 525 2920 bunc
537 2871 667 2918 extrema
686 2857 784 2935 inopia
797 2859 1023 2928 conflictantem,
1036 2859 1123 2918 istum
1143 2863 1222 2922 inso-

128 2958 222 3018 lenter
236 2951 268 3016 se
281 2965 430 3034 gerentem
443 2962 473 3011 et
486 2951 516 3011 in
527 2969 639 3028 eaquae
652 2949 728 3008 solet
740 2947 965 3026 profundentem
979 2949 1112 3007 rideatis.
1214 3029 1220 3034 .

170 3051 219 3109 16.
243 3047 312 3106 Jarn
326 3045 363 3105 de
374 3045 489 3124 opibus,
503 3041 652 3121 possidere
671 3038 751 3098 hunc
765 3059 815 3098 eas
828 3048 941 3117 epatre
955 3048 1005 3096 tuo
1020 3049 1168 3116 acceptas,
1183 3053 1223 3117 et,

128 3141 165 3200 de
178 3159 216 3198 eo
230 3137 310 3216 quod
323 3147 352 3194 te
366 3147 535 3214 rogaturum
550 3133 679 3203 dicebas,
694 3129 772 3190 unde
791 3150 853 3189 rem
873 3130 995 3189 haberet
1008 3129 1156 3204 Phormio,
1170 3133 1224 3194 tibi

129 3231 186 3292 soli
195 3229 315 3306 minime
329 3227 457 3288 omnium
479 3224 641 3285 mortalium
662 3243 698 3284 ea
716 3240 808 3283 causa
827 3221 1004 3282 adducenda
1019 3231 1074 3282 est
1116 3222 1223 3303 Neque

129 3323 204 3387 enim
220 3320 311 3383 Pesio
323 3330 405 3397 peter
418 3329 486 3378 tuus
499 3337 550 3378 eas
564 3315 611 3374 uel
624 3314 724 3376 labore
738 3323 850 3392 pertas,
863 3312 910 3372 vel
926 3333 944 3371 a
959 3324 1085 3392 parente
1096 3316 1222 3390 relictas,

130 3413 279 3493 possedit:
300 3409 357 3483 sed,
368 3429 437 3482 cum
456 3410 517 3470 suis
531 3405 668 3478 dominis,
679 3404 848 3466 Antistheni
862 3414 894 3464 et
904 3405 1104 3476 Archeatrato,
1118 3397 1224 3485 arpen·

131 3507 235 3574 tarnem
246 3501 456 3574 seducentibus,
464 3496 636 3560 iudustriam
650 3507 680 3558 et
693 3495 868 3575 probitatem
880 3515 963 3555 suem
976 3497 1139 3576 probasset,
1150 3498 1223 3564 tides

133 3598 217 3660 otest
228 3595 338 3664 habite.
352 3631 365 3644 -
382 3593 438 3652 Est
451 3600 548 3651 autem
560 3590 591 3647 in
605 3599 735 3648 mercatu
748 3599 778 3646 et
791 3588 863 3649 inter
877 3585 1011 3648 homines
1022 3588 1223 3666 pecuniarium

133 3699 280 3766 questum
290 3686 442 3756 facientes,
454 3671 578 3744 eundem
595 3679 769 3740 industrium
781 3677 873 3752 rideri
894 3689 926 3737 et
943 3681 1066 3758 probum
1083 3699 1158 3750 esse,
1178 3681 1223 3738 in-

134 3799 205 3857 gena
220 3777 401 3844 miraculum.
425 3774 530 3854 Neque
543 3773 631 3853 igitur
645 3772 693 3834 illi,
703 3771 759 3830 has
771 3770 895 3840 vinctos
908 3769 1018 3830 domini
1031 3770 1224 3844 tradiderunt,

135 3869 186 3930 ud
206 3873 271 3949 ipse
290 3871 386 3940 bonus
411 3875 517 3928 natura
535 3864 600 3937 tuit,
622 3880 717 3940 neque
737 3859 808 3922 buic
830 3870 899 3923 tuus
919 3869 1018 3938 peter:
1040 3877 1118 3934 nam,
1136 3859 1225 3937 siqui-

135 3959 200 4028 dem
213 3961 245 4020 id
258 3977 348 4040 penes
361 3959 459 4037 ipsum
470 3957 584 4028 suisset,
597 3963 627 4014 te
641 3953 738 4034 potius
752 3971 841 4032 quam
854 3952 933 4017 bunc
945 3951 1067 4030 probum
1081 3947 1225 4012 reddidis-

136 4064 190 4114 set.
210 4053 321 4114 Slvere
332 4052 388 4112 boo
401 4048 508 4122 nescis,
519 4046 607 4108 tidem
617 4045 802 4108 occasionem
815 4064 880 4106 esse
894 4043 937 4105 rei
946 4041 1089 4104 faciendae
1097 4045 1226 4110 omnium

137 4143 301 4216 muimam,
315 4143 410 4208 nescis
419 4140 527 4202 omnia.
569 4137 629 4198 Sed
642 4138 689 4198 his
702 4137 828 4212 omissis,
838 4137 870 4210 in
881 4133 981 4193 multis
994 4141 1027 4194 et
1038 4143 1090 4193 tuo
1109 4136 1184 4212 petri
1196 4145 1227 4196 et

138 4233 198 4305 o'bi,
211 4235 316 4298 vestris
337 4235 462 4313 demque
482 4233 580 4305 rebus,
593 4230 672 4292 utilis
689 4229 827 4292 Phormio
840 4227 913 4289 tuit:
933 4224 990 4288 sed
1005 4235 1086 4286 tuam
1106 4226 1226 4288 insana·

139 4323 224 4386 bibm
243 4327 434 4408 cupiditatem
459 4325 526 4405 quis
549 4333 601 4386 eut
618 4321 737 4404 explere
760 4333 813 4382 aut
833 4319 889 4380 tuis
911 4317 1078 4382 eatbiacere
1099 4319 1225 4382 moribus

141 4418 251 4496 possiti
