2967 5017
253 321 307 404 n
492 333 551 400 ua
570 335 685 399 unua
705 333 843 398 ousuu
865 331 1112 412 monsieur,

254 485 371 564 lnoeleo,
386 501 439 554 aot
451 493 559 573 stqotu
571 491 654 553 aliud
666 501 713 552 est
729 489 873 570 quemad
892 490 1054 560 sommum,
1075 487 1159 570 prius
1169 486 1371 566 ignosffium

235 599 241 610 ·
256 603 337 647 nuuc
353 585 443 644 istum
455 586 547 644 totius
556 585 676 644 malitiae
688 595 794 642 unctas
802 583 1001 662 interpretem,
1009 580 1109 640 didici.
1131 580 1209 642 Nam
1222 593 1371 656 usquo-

161 753 166 763 ·
255 697 317 761 que
332 687 463 740 hosuum
478 677 613 753 seducto,
628 675 678 737 ulii
698 675 854 736 collectam
869 693 903 733 ss
921 673 1095 734 collaturum
1114 671 1374 750 polluendum

257 772 297 832 de
310 770 500 832 euolatomm
512 787 578 828 esse
591 787 688 847 opem,
701 765 791 826 alium
805 767 843 826 ud
858 765 1009 846 imperium
1025 773 1205 832 sussurrant,
1223 781 1271 824 me
1294 779 1371 821 varo

258 852 425 931 asoectaus,
439 871 470 921 st
480 859 592 940 ingenii
604 860 661 919 mei
673 857 843 919 felicitatem
857 859 1033 937 praedicans,
1048 867 1139 935 atque
1151 855 1281 915 habitam
1296 873 1372 914 orus·

256 955 369 1016 mouera
385 952 548 1024 eelebraus,
558 953 743 1012 multuserat
753 969 800 1010 ure
811 949 972 1022 laudando,
986 960 1017 1009 et
1029 949 1178 1008 molestus.

303 1047 351 1104 ts.
374 1046 450 1105 Com
471 1055 569 1105 autem
587 1061 641 1103 uos
663 1061 766 1102 omues
788 1042 911 1102 Larissss
935 1058 1187 1110 enumeremus,
1208 1059 1241 1098 se
1264 1039 1370 1118 ipsmu

257 1137 395 1209 ludebat,
405 1156 440 1196 ac
450 1136 566 1196 dicendi
579 1153 640 1215 qus
652 1154 724 1195 usus
734 1133 955 1214 erutiuopiam:
977 1131 1145 1211 Philippum
1153 1141 1253 1192 autem
1262 1149 1371 1192 eorum
1467 1127 1468 1198 Ξ

262 1229 314 1309 qui
322 1229 379 1289 sub
393 1228 458 1288 sole
471 1239 571 1290 esseut
582 1227 856 1308 eloquentissimum
875 1245 941 1286 esse
961 1225 1120 1286 asserebat.
1163 1224 1204 1284 Ut
1216 1233 1318 1283 numan
1335 1233 1371 1282 et
1467 1219 1468 1288 Ξ

258 1341 321 1402 ego
334 1321 395 1382 tels
409 1322 520 1402 aliquid
534 1323 768 1402 pronunciatum,
779 1341 867 1399 quam
882 1320 1046 1380 memoriter
1060 1318 1170 1378 uosvis
1180 1319 1371 1378 orationihus
1467 1373 1468 1382 ,

262 1415 475 1495 respondisset,
493 1425 524 1474 et
543 1414 688 1492 Ctesipho
715 1414 765 1490 qui
788 1424 922 1472 nostrum
943 1423 1007 1472 erat
1024 1420 1095 1470 natu
1120 1411 1275 1481 maximus,
1293 1409 1371 1470 iusi-
1467 1390 1468 1448 Ξ

265 1527 352 1589 guam
368 1517 550 1567 senectutem
564 1526 646 1566 suurn
661 1517 692 1566 st
704 1521 847 1566 annorum
865 1503 1082 1564 multitudinem
1100 1515 1259 1575 narrasset,
1272 1513 1368 1582 atque
1467 1559 1468 1562 ,

126 1603 132 1610 ’
260 1601 423 1680 ¹adjecisset
445 1619 478 1659 se
492 1609 576 1658 tauto
593 1599 731 1678 temporis
746 1599 841 1676 spatio
856 1597 969 1656 nullum
986 1597 1133 1656 homiuem
1154 1595 1231 1654 adeo
1244 1615 1372 1655 suavem

260 1701 297 1752 et
309 1692 445 1751 iestiwm
458 1691 578 1762 vidisse,
592 1690 737 1770 Sisyphus
747 1689 803 1749 iste
814 1709 880 1750 cum
894 1689 1001 1768 plausu
1012 1706 1153 1747 manuum
1165 1688 1230 1746 lsaec
1237 1687 1372 1766 quidem,

262 1783 370 1863 inquit,
384 1782 539 1863 Ctesipho,
558 1801 654 1862 neque
668 1793 711 1853 tn,
724 1799 821 1860 neque
836 1779 979 1840 iste-me
993 1790 1092 1840 eutem
1106 1779 1372 1858 intelligebat-nd

266 1875 407 1958 populum
426 1875 524 1935 dicem
539 1876 668 1944 audebit,
687 1874 778 1934 luisse
792 1874 959 1953 Philippum
974 1873 1171 1952 eloquentem,
1184 1881 1215 1932 et
1228 1871 1374 1931 memoris

261 1967 405 2027 saluisse.
441 1967 506 2026 Nos
528 1977 625 2027 autem
649 1967 699 2045 qui
719 1967 771 2026 illa
787 1983 848 2026 uon
867 1965 1107 2044 intelligeremus,
1128 1983 1223 2043 neque
1245 1964 1371 2028 insidiae

262 2060 513 2138 prospiceremus,
524 2077 600 2137 quas
614 2059 711 2119 statim
724 2059 860 2127 audietis,
874 2059 1009 2136 pectione
1024 2057 1151 2134 quadam
1164 2056 1323 2128 conclusit,
1337 2065 1373 2116 ut

268 2149 347 2229 apud
357 2149 497 2238 populum
513 2151 617 2210 eadem
630 2169 732 2209 omues
746 2149 920 2222 diceremus,
934 2169 982 2214 me
996 2168 1067 2209 veto
1078 2150 1269 2208 vehementer
1281 2149 1371 2210 etiam

267 2235 433 2300 obtestatus
453 2253 510 2314 est,
523 2260 562 2303 ue
575 2242 826 2322 praetermitterem
839 2242 910 2320 quin
930 2241 1066 2312 dicerem,
1089 2241 1178 2301 stium
1192 2241 1371 2302 Demosthe·

263 2349 337 2394 uem
350 2329 462 2411 aliquid
475 2335 585 2394 dixisse
595 2334 633 2394 ds
644 2331 826 2412 Amphipoli.
848 2333 1005 2392 Hactenus
1015 2333 1105 2412 igitur
1115 2343 1207 2393 testes
1219 2333 1291 2392 mihi
1301 2343 1373 2395 sunt

269 2426 425 2504 legationis
436 2426 570 2506 collegoe,
579 2445 655 2504 quos
665 2436 821 2506 pernotum
831 2426 994 2486 orationem
1006 2427 1158 2504 exegimus
1171 2444 1229 2485 uon
1239 2427 1370 2486 destitit:

269 2518 416 2576 orationes
428 2527 536 2588 autem,
549 2535 615 2596 qum
624 2535 678 2596 pro
687 2525 830 2596 suggestu
842 2515 923 2596 apud
937 2537 989 2578 vos
1003 2519 1112 2578 habam
1124 2529 1205 2592 *sunt
1218 2519 1274 2598 ipsi
1287 2519 1371 2579 audi·

156 2681 160 2688 ,
270 2607 363 2670 snos.
385 2610 484 2674 Quare
496 2609 567 2668 mihi
577 2610 691 2670 mentiri
705 2625 766 2684 uon
778 2609 887 2668 licebit.

316 2700 363 2758 19.
385 2694 554 2760 Oroantem
567 2720 632 2772 vos,
645 2710 680 2759 ut
691 2699 722 2758 id
737 2700 844 2760 laboris
856 2699 991 2779 capiatis,
1004 2705 1078 2759 utet
1091 2701 1232 2780 reliquam
1243 2701 1370 2763 audiatis

272 2793 478 2855 narrationem.
510 2792 587 2853 Nam
601 2813 748 2873 quemque
760 2803 890 2854 seruum
910 2794 947 2852 de
967 2794 1159 2874 Cersohlepte
1176 2805 1207 2854 et
1224 2795 1371 2856 Phoonsi

262 2885 393 2946 'crimine
407 2886 508 2945 audire
521 2904 639 2964 cupere,
655 2888 726 2946 satis
740 2887 814 2955 scio,
830 2897 861 2946 et
879 2887 918 2944 ad
936 2884 985 2946 illa
1003 2886 1120 2944 festino.
1141 2885 1252 2946 Verum
1267 2889 1322 2948 uisi
1334 2909 1371 2950 ea

265 2995 341 3054 ‘qum
355 2977 545 3049 mteoeduut,
559 2978 740 3051 audiveritis,
755 2979 804 3037 illa
822 2979 909 3038 etiarn
926 2978 1021 3037 miuus
1043 2978 1209 3058 accipietis:
1229 2981 1276 3039 siu
1296 2983 1371 3060 peri·

216 3124 218 3133 .
272 3067 386 3131 elitnutl
399 3071 471 3129 mihi
484 3071 625 3131 arbitratu
638 3088 704 3130 meo
718 3069 836 3130 dicendi
851 3081 1026 3150 potestatem
1038 3069 1191 3142 dederitis,
1207 3081 1240 3131 et
1254 3091 1370 3135 mussu-

272 3178 343 3222 uare
353 3181 410 3232 me,
419 3163 446 3221 si
458 3163 599 3221 innocens
612 3175 687 3231 suut,
701 3161 833 3240 poteritis
844 3162 915 3222 satis
925 3163 1033 3234 edocti,
1047 3174 1078 3221 st
1088 3181 1127 3228 es
1139 3164 1174 3222 iis
1184 3163 1289 3241 quasin
1300 3184 1369 3225 cou-

271 3252 355 3317 tesso
365 3263 434 3311 suut
443 3255 531 3311 stiam
543 3262 732 3313 controversa
740 3253 931 3332 perspicietis.
954 3255 995 3312 Ut
1004 3253 1081 3314 euim
1092 3255 1150 3314 huc
1162 3256 1280 3328 mverui,
1292 3257 1371 3336 apud

274 3350 409 3400 senatum
430 3342 527 3420 capita
544 3343 699 3421 legationis
712 3345 914 3426 exposuimus,
935 3356 966 3406 et
983 3343 1227 3428 literas-Philippi
1245 3349 1369 3410 reddidi·

274 3447 351 3503 mus,
365 3431 503 3494 laudator
515 3444 616 3500 noster
626 3435 684 3494 luit
695 3437 912 3500 Demosthenes
923 3439 1002 3518 apud
1015 3449 1175 3512 senatores,
1189 3449 1221 3499 et
1229 3459 1283 3520 per
1292 3461 1370 3504 arm

269 3519 414 3594 eurialum
424 3525 544 3604 juravit,
559 3547 592 3587 se
602 3530 740 3607 gratulari
752 3531 872 3604 civitati,
884 3547 952 3609 quae
962 3531 1038 3590 tales
1048 3531 1161 3611 legatos
1171 3532 1309 3606 misisset,
1320 3535 1369 3615 qui

266 3628 307 3678 et
318 3617 486 3696 eloquentia
498 3628 529 3679 et
547 3614 606 3680 tide
619 3637 653 3680 se
666 3623 818 3700 republica
830 3617 947 3702 dignos,
960 3621 1095 3696 diceudo,
1111 3625 1285 3704 Quinque
1297 3646 1370 3706 pm·

274 3709 426 3770 huissaut:
447 3712 485 3770 de
499 3731 546 3771 me
561 3724 658 3778 autem
671 3713 836 3789 huiusmodi
850 3715 997 3795 quippiam
1008 3713 1091 3787 dats,
1105 3735 1152 3775 ma
1166 3726 1250 3795 spem
1262 3735 1371 3793 eorum,

276 3803 755 3883 quimelegutnmcreasseut,·nou
768 3804 917 3868 fefellisse.
942 3806 1094 3867 Postremo
1104 3807 1237 3869 omniura
1247 3809 1370 3888 tempsit,

276 3905 408 3956 omnum
422 3911 660 3976 unumquemque
681 3915 774 3970 sacre
788 3899 861 3958 olem
875 3915 986 3960 ooroun
999 3900 1164 3960 mudum
1179 3917 1255 3974 esse,
1271 3903 1308 3961 oh
1321 3903 1369 3962 he·

265 3986 470 4047 metelentiam
484 4003 556 4066 erga
574 3989 727 4068 populum,
747 4001 777 4051 et
797 3991 962 4056 adsensu
983 3993 1144 4054 incuriam
1163 3993 1369 4060 incrastinum

276 4077 468 4147 invitandum,
504 4079 545 4138 Ut
564 4091 661 4140 autem
681 4091 809 4164 constet,
827 4099 874 4141 mu
892 4081 1050 4148 nihiliulsi
1070 4081 1185 4143 dixisse
1209 4085 1290 4166 opud
1309 4077 1368 4158 vis,

278 4168 375 4248 capiat
387 4169 483 4230 scnha
494 4169 655 4245 decretum,
668 4183 699 4235 et
710 4169 886 4254 collegarum
900 4173 1068 4238 testimonia
1081 4175 1194 4237 moitet.
