2967 5017
438 275 945 346 PRAEFEC'I'URAE'NAVALIS.
1175 283 1238 346 703

144 427 304 496 virensium
322 435 478 516 proeiec'tis,
491 455 549 518 ego
568 438 685 518 privetis
703 438 877 520 numptibus·
887 436 1063 519 comparari,
1077 434 1164 497 uec'e
1175 453 1237 518 pn·

146 529 223 589 blico
238 531 339 610 accepi
351 530 523 608 quiequam:
551 531 599 590 isti
618 539 715 591 eutem
726 530 835 592 restris
847 531 895 590 usi
907 539 985 604 sumt,
998 539 1029 590 ct
1041 529 1080 589 de
1092 547 1145 588 suo
1157 528 1188 588 in
1201 545 1239 593 es

147 621 219 681 nihil
236 632 405 700 erogarent.
446 623 490 682 Ac
509 639 547 682 ne
565 621 639 682 illud
653 622 771 702 quidem
789 622 887 684 dicere
908 622 1031 704 possint,
1048 629 1082 682 re
1102 632 1170 681 ante
1189 639 1238 680 me

147 721 267 775 conatos
287 733 369 774 esse:
391 713 556 794 priusquam
579 715 655 774 enim
677 715 725 774 isti
747 715 892 774 triremem
904 715 951 774 sei
965 714 1153 793 attingerent,
1171 730 1239 772 mea
1341 729 1346 738 ·

146 807 292 886 complete
310 805 383 876 fuit:
406 825 495 886 quam
515 807 656 886 compleri
677 825 729 866 vos
749 825 851 867 omnes
864 807 985 880 vidistis.
1026 805 1173 867 Psreteree
1191 823 1238 866 se·

146 898 268 979 migiunt
288 899 454 978 comparari
472 898 753 978 praestantissimum,
774 899 907 978 pecunioe
925 900 1050 960 maxims
1065 898 1095 958 vi
1108 907 1239 976 erogata.

131 990 203 1078 'lati
224 1001 319 1051 eutem
338 990 363 1050 si
385 1001 484 1052 nosue
508 992 638 1052 deterius
663 991 844 1064 habuissent,
864 1009 925 1052 non
948 989 1239 1052 esset-mirandum

148 1101 229 1142 nunc
242 1101 359 1162 prorsus
373 1084 486 1144 nulium
499 1084 701 1144 conduxerunt
714 1083 815 1164 quide
829 1085 1024 1163 impensarum
1037 1083 1240 1164 magnitudine

149 1173 342 1236 contendunt.
384 1173 540 1235 Enimvero
559 1175 608 1254 qui
630 1195 748 1254 oequum
771 1186 827 1248 est,
841 1194 904 1250 eos,
917 1196 1007 1256 quum
1025 1175 1077 1236 ills
1096 1175 1241 1254 posterius

148 1267 328 1338 retorserint,
343 1285 422 1328 nunc
443 1267 526 1347 quasi
545 1266 629 1346 primi
650 1267 867 1340 instruxissent,
879 1288 988 1329 corona
1000 1267 1119 1330 ornarit
1149 1267 1241 1346 Equi·

148 1356 217 1417 deut
237 1358 373 1418 existimo
393 1358 425 1418 in
446 1378 482 1418 ea
503 1357 647 1420 sententie
668 1377 734 1420 ease
755 1377 819 1430 vos,
840 1368 875 1420 ut
893 1379 940 1422 sne
960 1360 1008 1421 sel
1028 1367 1175 1420 tecentm
1191 1359 1244 1434 ju·

149 1449 277 1510 ctissime
290 1450 490 1511 coronandum
505 1450 668 1512 oenseads:
689 1452 760 1513 solis
773 1461 872 1512 autem
885 1452 949 1513 istis
966 1472 1005 1514 ne
1020 1450 1111 1511 verbs
1122 1447 1241 1527 quidese

147 1545 266 1604 essedo
280 1562 389 1603 corone
405 1543 551 1616 facienda,
565 1544 594 1603 id
608 1545 670 1623 jem
683 1546 845 1605 ostendam.
885 1545 974 1605 Unde
991 1543 1024 1602 id
1036 1543 1162 1602 maxime
1174 1559 1242 1620 per-

145 1634 291 1712 spicitur?
325 1635 370 1692 Ex
390 1634 460 1712 ipsis
476 1635 601 1695 istorum
618 1636 714 1696 iactis.
756 1637 833 1697 lnits
844 1637 922 1697 enim
936 1636 1119 1714 rationeque
1135 1631 1241 1712 prurie-

146 1736 237 1785 cture
256 1727 369 1786 navalis
391 1726 512 1786 minimo
530 1735 764 1801 conserenteis
785 1728 929 1790 lecerunt.
970 1725 1050 1795 Quid
1072 1733 1240 1786 sennen

145 1818 388 1897 iniquius,‘qusm
409 1819 521 1898 fugisse
529 1829 680 1899 sumptus,
694 1839 746 1880 eos
758 1839 828 1880 vero
840 1818 965 1881 honores
977 1819 1026 1899 qui
1043 1820 1164 1899 propter
1175 1816 1242 1878 illos

148 1909 348 1969 decernuntur
369 1909 467 1970 heberi
490 1910 543 1970 sibi
565 1912 737 1990 postulare?
769 1923 870 1992 etque
883 1913 979 1972 minus
996 1912 1080 1971 neris
1095 1919 1242 1990 protracte

150 2003 189 2062 sit
202 2001 410 2062 conductorem
425 2003 552 2082 culpare,
566 2019 667 2064 eorum
680 2023 748 2065 vero
764 2023 831 2083 quos
851 2006 941 2086 probe
955 2003 1155 2065 adminstrare
1173 2011 1243 2063 sunt

151 2115 169 2155 s
181 2094 263 2156 robis
277 2094 400 2174 gretiam
414 2094 567 2174 flagitaret

192 2191 220 2246 3.
229 2179 233 2184 ’
241 2185 346 2267 Neque
367 2205 436 2248 sero
450 2205 487 2247 ex
498 2187 543 2248 his
558 2187 701 2250 duntaxat
712 2191 795 2251 vobis
802 2193 854 2271 jus
868 2191 1058 2272 spectandum
1071 2199 1127 2261 est,
1142 2187 1197 2249 sed
1207 2204 1244 2248 ex
1283 2202 1289 2218 ⁸

149 2281 184 2340 iis
199 2280 285 2340 etiam
300 2298 365 2358 qun
378 2279 434 2359 ipsi
443 2279 522 2359 prius
536 2281 655 2354 fecistis,
664 2301 730 2342 cuns
741 2284 860 2362 quidem
870 2284 973 2344 eodem
984 2303 1018 2343 se
1027 2303 1086 2363 quo
1098 2281 1145 2342 isti
1154 2278 1243 2340 modo

150 2371 320 2452 gessissent
363 2373 438 2432 Cum
456 2372 532 2432 enim
545 2375 643 2434 navali
655 2376 693 2436 eb
708 2373 875 2436 Alexandro
886 2376 987 2456 proelio
999 2376 1069 2436 victi
1080 2374 1160 2447 estis,
1169 2383 1242 2434 tuno

149 2465 187 2525 iis
199 2464 360 2526 trierarchis
373 2465 423 2543 qui
436 2465 615 2526 trierarchiss
629 2466 762 2528 locersnt
781 2489 846 2528 eam
866 2469 980 2529 cladem
999 2465 1180 2547 potissimum
1192 2483 1243 2525 ec·

148 2569 265 2637 ceptam
280 2558 445 2628 referentes,
460 2575 511 2617 eos
530 2558 559 2616 in
576 2558 719 2636 judicium
739 2562 862 2621 curastis
881 2560 1084 2631 adducendos,
1097 2577 1165 2620 cum
1185 2557 1243 2619 hoc

149 2650 328 2730 prejudicio,
342 2649 506 2728 prodidisse
519 2667 570 2709 eos
586 2669 674 2709 naves
693 2661 723 2709 et
745 2651 876 2712 ordinem
894 2643 1075 2719 deseruisse3
1096 2669 1163 2710 cuns
1177 2647 1243 2708 Ari·

148 2737 276 2820 stophen
300 2751 458 2814 accusaret,
472 2759 524 2800 ros
542 2741 733 2820 judicaretis:
755 2745 834 2822 qnod
857 2745 888 2802 ni
909 2745 1119 2804 minor-vestra
1138 2742 1243 2803 suisset

149 2834 300 2894 iracundia
314 2834 428 2894 illorum
449 2833 566 2906 delicto,
579 2835 651 2893 nihil
664 2836 825 2896 obstitisset
843 2856 901 2915 quo
914 2836 1009 2895 minus
1030 2835 1242 2896 occiderentur.

149 2927 227 2986 Cum
241 2936 339 2986 eutem
353 2927 401 2986 isti
414 2927 508 2987 sciant
522 2945 553 2986 se
566 2926 596 2986 iu
611 2927 712 2988 eodeni
726 2947 792 2988 esse
805 2927 940 2988 cumillis
951 2927 1100 2988 delictoet
1112 2925 1242 2997 crimine,

151 3017 326 3099 supplicium
340 3017 417 3097 apud
431 3037 484 3077 sos
499 3018 633 3078 meritum
652 3038 711 3079 uon
730 3009 949 3092 exhorrescunt,
964 3019 1028 3084 sed
1034 3017 1244 3078 concionentur

149 3113 179 3170 in
192 3111 265 3173 elios
279 3128 370 3190 seque
393 3111 523 3171 coronsri
531 3111 647 3190 jubent.
688 3112 778 3192 Atqui
792 3113 984 3182 considerate,
999 3109 1161 3191 queasobis
1171 3128 1243 3170 con·

149 3206 259 3265 stitisse
273 3204 360 3263 vestri
381 3203 493 3264 consilii
517 3204 590 3264 ratio
613 3203 703 3263 videri
724 3205 828 3283 possit,
848 3205 884 3277 si,
906 3206 945 3264 ob
967 3203 1091 3264 eandem
1111 3219 1241 3269 causasm

149 3298 223 3358 alios
249 3315 334 3376 poene
357 3295 510 3356 damnasse
533 3297 647 3376 eapitis,
669 3297 742 3356 elios
770 3297 885 3357 coronis
907 3296 1044 3370 donasse,
1065 3292 1242 3354 videamini?

151 3390 256 3469 Neque
280 3407 350 3448 vero
371 3407 408 3447 eo
428 3388 571 3448 duntaxat
593 3390 673 3448 iacto
693 3388 864 3467 peccabitis,
877 3389 930 3450 sed
949 3403 1010 3448 tum
1033 3388 1120 3448 etiam
1141 3386 1243 3464 si,·po-

151 3493 257 3544 testate
271 3482 351 3554 deta,
365 3482 435 3542 tuiis
449 3483 578 3542 facinore
592 3502 650 3541 nou
664 3481 811 3560 plantetis.
853 3482 923 3543 Non
943 3483 1031 3553 euim,
1045 3501 1114 3541 oum
1130 3489 1242 3544 vestm

151 3595 220 3654 opes
234 3575 346 3654 operire
356 3574 473 3644 sinistis,
485 3583 546 3633 turn
558 3575 682 3654 graviter
692 3585 737 3656 est
745 3575 896 3636 ferendum
908 3595 916 3633 :
938 3575 993 3633 sed
1002 3575 1073 3634 dum
1083 3592 1129 3633 res
1138 3580 1242 3630 vestare

151 3669 331 3738 salierunt,
345 3667 415 3726 dum
434 3687 485 3727 eos
507 3668 556 3746 qui
576 3680 708 3746 pmsuut
724 3678 843 3748 propter
859 3668 961 3727 sordes
973 3686 1033 3726 non
1051 3687 1116 3726 eam
1128 3664 1242 3723 iliasuns

150 3762 298 3842 suscipere
312 3780 411 3821 cusam
422 3761 591 3841 perspicitis
605 3781 691 3840 quam
705 3763 867 3841 oportebat.
909 3760 1014 3838 Neque
1026 3761 1178 3837 quisquam
1191 3773 1241 3812 ve·

150 3865 243 3914 sturm
257 3855 334 3914 hauc
348 3856 508 3914 orationem
530 3865 563 3913 ut
582 3854 715 3915 acerbetur
734 3854 860 3932 graviter
873 3853 958 3925 feret,
972 3851 1025 3911 scd
1045 3851 1080 3909 iis
1101 3849 1243 3908 irascetur

150 3948 201 4026 qui
216 3947 335 4026 culpam
348 3946 379 4004 in
395 3965 428 4005 se
449 3945 646 4005 admiserunt:
666 3955 785 4026 propter
802 3945 869 4005 ilios
890 3945 967 4004 enim
988 3945 1044 4004 hoc
1063 3943 1104 4000 fit
1150 3939 1243 3998 Miror

149 4051 249 4100 autem
270 4059 337 4118 ego,
350 4059 417 4099 cum
437 4049 541 4099 naum
566 4039 736 4112 desertores,
750 4058 873 4118 quorum
889 4038 1015 4098 tricenas
1035 4035 1161 4115 quisque
1175 4033 1242 4092 dra·

29 4173 31 4196 r
151 4133 252 4192 chores
266 4133 410 4192 duntaxat
428 4131 544 4211 accipit,
559 4132 606 4192 isti
624 4143 654 4192 et
674 4133 803 4192 vinciant
815 4145 845 4192 et
857 4131 991 4210 puniant,
1005 4147 1058 4188 cur
1070 4125 1243 4188 trierarchos

151 4225 339 4304 quittassent
354 4224 503 4297 deserunt,
524 4245 647 4305 quorum
662 4226 781 4287 tricenae
795 4225 899 4303 cuique
913 4224 1067 4304 mines-pro
1085 4223 1180 4302 ptimo
1198 4221 1243 4280 iu·

151 4337 257 4395 gressu
277 4319 364 4377 maris
385 4329 580 4390 numerentur,
594 4335 645 4379 vos
661 4337 720 4379 non
733 4316 838 4379 eodem
850 4317 938 4376 modo
950 4315 1105 4377 tractetis?
1125 4317 1203 4376 itene
1216 4315 1244 4374 si

151 4427 263 4490 pauper
286 4409 388 4489 sliquis
410 4411 506 4490 inopia
525 4423 646 4474 coaetus
665 4412 805 4501 percssit,
818 4411 954 4472 anemis
973 4410 1121 4491 suppliciis
1135 4408 1245 4470 efficie-
