2967 5017
265 333 324 392 osa
616 335 659 394 ιιι
682 293 934 394 strennuum
958 331 998 390 ιι.

264 494 438 547 stramentum
462 486 598 558 condere,
612 487 773 566 presertim
796 486 834 548 de
854 485 984 555 muliere,
1005 501 1072 544 cum
1090 482 1122 543 id
1139 499 1233 560 neque
1253 479 1361 540 liceret

263 576 389 657 legibus,
402 585 432 636 et
443 576 526 637 liberi
539 587 647 641 essent.
689 576 881 640 Considerate
895 595 991 658 porro,
1008 594 1097 655 quare
1115 593 1171 634 nec
1185 569 1289 651 siquis
1305 593 1360 633 or·

264 669 320 730 bus
341 679 398 741 est,
418 669 566 731 condendi
584 671 750 732 testamenti
773 679 950 751 potestatem
969 669 1095 729 babeat:
1114 667 1149 737 si,
1163 665 1267 744 inquit,
1281 664 1362 725 deli-

265 769 319 834 ret,
333 771 385 819 aut
402 771 533 842 aegrotet,
553 761 605 824 aut'
624 781 769 824 venenum
785 762 900 835 biberit,
916 771 968 822 aut
988 759 1102 820 mulieri
1116 760 1294 831 obsecutus,
1304 769 1362 818 aut

263 853 421 926 seniorunt
442 853 550 929 furore,
566 865 618 914 aut
639 855 736 935 aliqua
759 853 934 916 necessitate
952 853 990 915 sit
1011 853 1236 924 circumventus,
1254 851 1283 910 ei
1302 871 1362 932 po·

263 953 397 1004 testatem
416 944 498 1024 leges
519 955 639 1026 negant.
681 947 750 1006 Jam
776 944 943 1027 expendite,
963 964 1002 1006 an
1024 944 1086 1004 seni
1106 941 1233 1003 hominis
1260 943 1292 1003 id
1313 953 1363 1004 te·

264 1047 442 1099 stamentum
465 1038 608 1114 rideatur,
628 1038 708 1119 quod
728 1039 776 1100 isti
797 1050 907 1120 patrem
929 1038 1034 1099 fecisse
1059 1047 1203 1098 asserunt.
1250 1036 1363 1117 Neque

263 1147 333 1190 vcro
355 1130 386 1190 id
408 1129 446 1190 ad
468 1131 549 1194 aliud
570 1133 735 1212 exemplum
757 1132 922 1206 conteretis,
940 1150 1029 1211 quam
1052 1130 1092 1192 ad
1110 1129 1300 1204 locationem,
1320 1150 1363 1191 an

263 1221 346 1282 vobis
359 1232 591 1285 consentaneum
609 1244 676 1305 esse
693 1223 836 1298 rideatur,
859 1225 907 1285 cui
929 1225 998 1285 artis
1018 1243 1078 1283 una
1099 1223 1251 1283 nobiscum
1271 1241 1364 1283 exer·

264 1312 368 1374 oendoe
383 1323 559 1394 potestatem
580 1316 703 1396 negarit,
717 1316 744 1376 ei
761 1335 882 1377 uxorem
904 1336 990 1387 snam
1002 1316 1046 1376 uti
1059 1313 1182 1388 dederit,
1195 1323 1226 1373 et
1243 1315 1364 1374 socium

264 1425 383 1466 suorum
406 1407 529 1467 liberum
550 1427 614 1468 esse
634 1427 740 1489 passus
762 1409 809 1469 sit.
850 1407 955 1488 Neque
975 1405 1126 1476 miremini,
1139 1405 1163 1464 si
1175 1423 1235 1477 cos,
1253 1415 1367 1465 coetera

264 1497 370 1559 callide
394 1507 573 1560 commentor
591 1519 659 1580 quaa
680 1503 710 1561 in
732 1500 879 1562 locatione
895 1509 974 1574 sunt,
986 1497 1170 1560 hocfefeilit.
1212 1497 1365 1558 Fortassis

265 1588 343 1650 enim
356 1589 386 1650 in
399 1591 479 1652 aliud
493 1593 563 1652 nihil
577 1593 681 1654 intenti
698 1593 828 1666 fuerunt,
842 1592 897 1653 nisi
917 1603 952 1652 ut
964 1590 1089 1673 pecunie
1101 1610 1156 1652 nos
1176 1589 1364 1663 fraudarent,

265 1690 296 1742 et
307 1693 419 1762 patrem
433 1694 468 1745 nt
479 1686 639 1747 oboeratum
652 1687 859 1749 inscriberent:
881 1685 989 1746 deinde
1001 1704 1049 1746 me
1069 1702 1129 1745 non
1149 1683 1191 1744 ita
1210 1681 1274 1744 fore
1287 1701 1365 1744 acu·

266 1782 329 1832 tum
342 1778 496 1855 putabant,
510 1792 545 1840 ut
556 1780 586 1839 in
595 1780 660 1840 haec
674 1791 812 1841 accurate
826 1780 1009 1856 inquirerem.
1274 1765 1292 1798 ⁹

308 1866 355 1926 ll.
377 1866 569 1930 Considerate
585 1890 671 1949 porro
695 1869 836 1948 aquibus
857 1867 938 1945 leges
959 1867 1134 1948 desponderi
1156 1867 1293 1929 mulieres
1312 1871 1366 1944 ju·

265 1957 364 2028 beent,
376 1966 410 2017 ut
422 1977 460 2018 ex
472 1956 507 2018 iis
522 1957 609 2017 etiam
626 1958 815 2018 commentitii
833 1957 997 2017 testamenti
1017 1957 1125 2020 falsum
1142 1956 1235 2019 inisse
1250 1968 1368 2021 testem

267 2047 449 2126 Stephanum
462 2046 640 2128 intelligatis.
684 2048 801 2109 Recita.

791 2200 880 2262 Lux.

294 2329 371 2388 Qun
381 2328 485 2392 legitime
493 2329 643 2396 desponderit
650 2332 801 2387 uxoremve}
812 2338 887 2392 peter,
896 2329 1013 2379 reliceret
1022 2345 1154 2394 ςαιιιιιιι,
1165 2331 1202 2380 rei
1213 2347 1271 2382 erus
1281 2340 1366 2395 poree

266 2419 319 2461 rus,
328 2419 360 2453 ex
377 2419 405 2452 es
419 2405 487 2452 liberi
500 2405 602 2468 μιιιιιιι
613 2413 688 2455 sunto.
720 2405 825 2464 Quodsi
839 2421 908 2455 nemo
917 2406 999 2454 bornrn
1009 2407 1190 2464 tonitrium·
1203 2416 1249 2466 est,
1261 2407 1283 2455 ir
1294 2412 1367 2473 cujus

268 2479 502 2530 ertsnotoritmeun
513 2483 612 2530 heberte
629 2483 1319 2548 durueritmojesouirspermiseritpoteststeesto.

269 2593 343 2652 Haec
356 2592 405 2654 lex
418 2593 524 2672 quibus
540 2596 742 2658 auctoritatem
761 2596 880 2671 tribuat,
904 2595 1074 2658 audivistis:
1102 2596 1207 2658 borum
1225 2617 1295 2659 vero
1309 2617 1365 2658 ne-

268 2685 375 2746 rninem
407 2687 492 2747 matri
521 2698 668 2750 auctorem
688 2689 792 2763 fuisse,
812 2689 869 2770 ipsi
893 2687 964 2751 mrbi
985 2689 1143 2751 adversarii
1164 2690 1366 2750 testimoninm

268 2775 413 2840 dixerunt.
454 2779 531 2841 Nam
554 2780 579 2841 si
602 2781 738 2854 fuissent,
758 2781 970 2842 exhibuissent.
1009 2785 1058 2842 An
1077 2801 1148 2843 vero
1165 2781 1257 2855 falsos
1269 2791 1366 2842 testes

267 2867 307 2928 ab
321 2869 364 2930 eis
378 2871 496 2934 creditis
510 2874 684 2936 subornator
698 2883 729 2936 et
742 2882 918 2935 testamento
931 2892 991 2932 non
1002 2874 1100 2933 facta:
1121 2872 1240 2934 tratrem
1252 2881 1366 2944 autem,

267 2971 508 3044 eut'arum,·aut
529 2975 652 3047 patrem,
667 2969 691 3027 si
711 2967 851 3036 licuisset,
871 2983 933 3024 non
950 2963 1041 3022 fuisse
1057 2963 1251 3044 producmros
1272 2981 1368 3023 causa

268 3057 474 3134 pecuniarum?
503 3057 577 3115 Cum
598 3067 697 3115 autern
708 3055 811 3113 horum
825 3055 972 3113 neminem
989 3053 1175 3133 superstitem
1187 3049 1279 3116 fuisse
1292 3073 1366 3116 oon·

270 3147 339 3220 st'et,
352 3157 414 3208 tum
428 3166 549 3208 necesse
562 3156 609 3206 est
618 3153 741 3204 matrem
753 3155 884 3206 noenum
893 3145 988 3206 fuisse
999 3146 1150 3227 pupillam.

313 3237 362 3298 lu.
382 3237 528 3318 Pupillam
542 3247 639 3298 eutem
653 3237 684 3297 in
697 3236 781 3318 cnjus
794 3257 860 3299 esse
877 3248 1024 3318 potestate
1042 3239 1123 3320 leges
1144 3239 1280 3321 jubeant,
1291 3259 1366 3303 con·

271 3325 404 3390 siderate.
446 3325 551 3390 Recita
564 3329 668 3410 legem.

771 3473 861 3534 LEX.

304 3591 376 3649 Quod
391 3589 413 3639 ιι
426 3591 481 3652 quis
491 3608 505 3640 e
517 3591 608 3656 pupille
619 3589 688 3640 inerit
698 3597 775 3650 retus,
785 3591 826 3640 nbi
839 3605 924 3641 monn
938 3592 1016 3642 etatis
1025 3591 1142 3641 deoim
1156 3599 1249 3641 ιιιιιι
1263 3592 1366 3656 «ιυρισ-

273 3667 343 3724 serit,
350 3668 459 3731 pecunias
470 3674 556 3727 teneat,
566 3677 590 3718 et
602 3669 690 3718 rictum
701 3669 770 3717 ιιιιιιι
779 3669 927 3719 demetietur.

273 3795 401 3858 Proinde
414 3797 462 3858 lox
468 3796 555 3878 jubet
564 3805 685 3857 matrem
699 3796 730 3856 in
740 3794 865 3856 fiiiorum
879 3796 1020 3880 puberum
1033 3813 1096 3856 esse
1105 3802 1274 3876 potestates
1296 3813 1363 3855 eos·

271 3910 331 3970 que
343 3891 451 3952 rictum
463 3888 641 3950 eidemetiri.
683 3887 734 3949 Me
749 3895 847 3949 antem
860 3896 978 3950 constat
990 3899 1021 3949 et
1028 3887 1167 3949 militasse
1180 3897 1210 3947 et
1220 3886 1364 3948 triremem

272 3977 441 4044 instruxisse
454 3981 548 4056 robis,
561 4000 628 4042 cum
651 3981 706 4042 iste
726 3990 848 4041 matrem
868 3999 965 4040 meam
987 3981 1018 4040 i'n
1035 3979 1223 4041 ‘matrimonio
1243 3981 1362 4040 habere.

275 4075 382 4134 Verum
404 4084 439 4134 ut
460 4083 609 4154 appareat,
631 4092 679 4132 me
696 4073 804 4132 triremi
825 4071 996 4153 prefectum
1017 4070 1151 4143 affuisse3
1170 4069 1363 4152 petrem'jem

273 4163 353 4237 olim,
370 4183 437 4226 cum
458 4165 576 4246 nuptias
594 4165 648 4226 iste
661 4164 834 4234 celebraret,
848 4163 973 4232 obiisses
994 4182 1042 4224 me
1055 4163 1179 4225 ancilias
1197 4165 1236 4224 ab
1253 4181 1291 4224 eo
1310 4180 1364 4242 pe-

274 4254 398 4316 stuisue
410 4257 449 4316 od
466 4258 673 4336 questionem
693 4255 728 4317 iis
748 4256 817 4336 ipsis
835 4255 873 4316 de
891 4258 990 4332 rebus,
1001 4275 1039 4320 en
1053 4275 1099 4318 eo
1111 4276 1187 4319 verro
1206 4265 1318 4330 meent,
1332 4259 1363 4313 et

274 4363 341 4407 eum
353 4365 540 4428 provocasse,
554 4348 709 4432 cepemihi
724 4348 931 4411 testimonium.
