2967 5017
415 348 634 412 nnvnnsus
657 350 913 411 nunnnrnnrr.
1134 354 1192 429 mr

109 502 216 565 merito.
257 508 402 573 Quorsum
426 506 504 567 enim
519 504 632 578 attinet,
645 502 727 565 robis
741 523 778 565 ea
790 522 908 565 narrare
920 522 988 582 qua
1002 503 1058 582 ipsi
1077 502 1193 563 nostis?

109 596 296 660 Considerate
309 598 407 679 igitur.
424 599 511 667 Quod
519 618 574 659 nos
586 599 614 657 in
628 598 691 659 foro
705 606 851 677 quaestum
863 596 996 665 facimus,
1011 594 1041 654 id
1054 594 1193 675 inprimis

107 701 276 767 argumento
289 711 354 751 esse
369 701 450 773 puto,
464 692 551 752 istum
566 690 641 751 falsa
654 691 738 750 nobis
752 690 911 770 impingere
924 688 1053 748 crimina.
1083 689 1190 779 ⁸Quam

107 782 178 841 enim
191 782 346 843 fasciarum
360 784 547 843 venditricem
561 784 651 844 fuisse
665 782 746 855 dicit,
760 794 791 842 et
800 782 982 842 manifestam
997 781 1141 853 omnibus,
1154 782 1193 841 de

106 892 138 932 ee
151 895 204 953 par
217 876 272 935 luit
285 878 387 955 utique
398 878 545 937 testificari
563 878 680 949 multos,
694 876 745 955 qui
757 877 813 955 ipsi
826 895 890 935 eam
902 876 1060 947 novissent,
1073 874 1193 952 non'qui

105 964 174 1025 nihil
198 978 302 1046 praeter
323 970 453 1030 auditum
476 972 627 1030 referrent.
670 968 748 1028 Nam
767 968 791 1028 si
810 967 962 1047 peregrina
973 967 1088 1039 fuisset,
1102 962 1199 1026 exsul

103 1057 202 1119 tiendo
224 1062 506 1143 fueruntvectigalia
526 1064 556 1123 in
580 1065 654 1134 loro,
674 1071 704 1122 et
721 1082 791 1121 nuru
810 1060 1028 1141 peregrinorum
1052 1060 1192 1119 tributum

104 1152 273 1230 pependerit
285 1155 499 1235 inquirendum,
520 1166 550 1215 et
564 1156 646 1234 cujas
661 1155 748 1214 fuerit
762 1152 974 1215 ostendendum
988 1174 996 1212 ε
1017 1154 1062 1213 sin
1075 1154 1192 1226 ancilla,

103 1242 243 1322 inprimis
262 1256 384 1328 emptor,
400 1248 444 1306 sin
464 1248 570 1320 minus,
587 1246 720 1307 venditor
737 1246 943 1326 producendus
965 1246 1028 1319 ruit,
1049 1247 1099 1326 qui
1111 1248 1193 1305 testi·

102 1337 227 1396 monium
249 1340 279 1397 in
300 1359 365 1399 eam
386 1339 505 1411 diceret,
519 1350 571 1399 aut
592 1340 694 1399 saltem
718 1338 792 1399 alius
814 1338 968 1419 quispiam,
980 1340 1030 1417 qui
1047 1340 1193 1419 probaret,

102 1444 164 1487 earn
176 1429 223 1490 vel
237 1431 406 1491 servitutem
421 1432 556 1506 servisse,
569 1432 617 1492 vel
636 1450 701 1493 csse
722 1431 938 1491 manumissam.
981 1433 1069 1490 Nunc
1088 1432 1192 1490 horum

101 1518 170 1579 nihil
184 1524 322 1595 ostendit,
337 1524 390 1584 sed
401 1524 511 1584 crimen
524 1526 639 1605 objecit,
650 1535 684 1585 ut
697 1526 767 1584 mihi
780 1524 903 1595 videtur,
916 1524 1024 1583 nullius
1044 1525 1192 1584 momenti.

101 1612 135 1671 Id
148 1615 226 1674 enim
240 1626 287 1674 est
299 1616 516 1677 calumniatoris
530 1618 694 1695 ingenium:
704 1617 847 1676 crirrrinari
861 1617 967 1688 omnia,
976 1618 1099 1693 probare
1112 1615 1192 1674 nihil.

99 1702 219 1764 Deinde
239 1706 312 1765 illud
335 1707 421 1766 etiam
443 1708 472 1766 in
494 1718 613 1767 matrem
632 1708 714 1779 dixit,
739 1727 803 1767 eam
821 1707 963 1766 nutricem
986 1707 1085 1767 fuisse.
1129 1708 1192 1768 Nos

98 1814 179 1867 vero,
196 1816 263 1856 cum
276 1809 376 1859 nostra
388 1799 459 1859 urbs
473 1799 587 1859 cladem
608 1800 781 1880 accepisset,
801 1809 832 1859 et
846 1818 947 1859 omnes
960 1799 1047 1858 rebus
1062 1799 1191 1859 adversis

98 1887 342 1961 conflictarentur,
357 1911 417 1951 non
430 1892 593 1951 inficiamur
605 1892 662 1951 hoc
682 1911 746 1952 esse
760 1892 889 1959 factum3
910 1910 968 1969 quo
982 1900 1070 1970 pacto
1084 1902 1192 1965 autern,

99 1988 127 2039 et
139 1980 248 2059 quibus
259 1980 295 2041 de
308 1982 404 2042 causis
420 2000 572 2042 mammam
585 1983 752 2061 praebuerit,
765 2002 822 2061 ego
833 1983 987 2061 perspicue
997 1982 1080 2041 vohis
1093 1994 1191 2044 osten·

100 2072 177 2135 dam.
220 2072 325 2153 Neque
345 2094 415 2135 vero
437 2075 587 2155 quisquam
602 2084 740 2147 vestrum,
760 2074 966 2145 Athenienses,
982 2074 1081 2154 iniquo
1095 2070 1191 2136 animo

99 2166 233 2245 accipiat.
275 2166 371 2228 Etiam
386 2188 465 2227 nunc
478 2170 557 2228 cives
569 2168 705 2228 mulieres
725 2167 832 2227 multas
844 2168 1007 2240 invenietis,
1021 2189 1088 2249 quse
1101 2172 1192 2231 nutri-

99 2276 163 2316 cum
183 2258 345 2338 fungantur
368 2260 491 2320 officiis:
512 2280 585 2338 quas
603 2260 687 2320 vobis
708 2260 755 2319 vel
782 2259 961 2330 nominatim,
977 2260 1001 2319 si
1020 2272 1119 2321 restra
1139 2283 1190 2323 vo-

97 2348 191 2409 luntas
205 2351 288 2423 feret,
302 2352 441 2411 dicemus.
480 2352 605 2419 Quodsi
620 2352 724 2413 divites
740 2371 882 2423 essemus,
896 2371 991 2431 neque
1005 2352 1107 2413 taenias
1121 2375 1191 2413 ven·

98 2440 242 2515 daremus,
265 2462 360 2522 neque
383 2444 509 2521 denique
536 2444 637 2522 inopes
666 2464 808 2503 essemus.
863 2444 923 2502 Sed
949 2443 1019 2524 quid
1042 2447 1100 2506 ista
1122 2467 1190 2507 cum

98 2551 202 2610 genere
216 2534 357 2594 consortii
370 2534 502 2593 habenti
530 2534 673 2611 Equidem
685 2534 756 2593 nihil
771 2534 882 2613 opinor.
909 2535 956 2593 Ne
969 2557 1046 2610 vero,
1059 2538 1191 2615 Judices,

98 2642 240 2705 pauperes
255 2623 563 2704 aspernemini-satis
575 2624 650 2683 enirn
664 2625 706 2683 eis
715 2634 760 2684 est
773 2626 802 2682 in
817 2626 881 2704 ipsa
890 2638 1061 2705 paupertate
1070 2630 1190 2706 mali-,

99 2734 189 2796 neque
215 2736 267 2776 eos
290 2716 389 2788 etiam,
404 2716 454 2793 qui
474 2714 625 2794 quaeritare
639 2713 759 2787 victum,
775 2726 805 2774 et
822 2716 918 2775 vivere
942 2719 1005 2776 sine
1028 2722 1189 2799 cujuspiam

98 2807 198 2887 injuria
211 2810 379 2869 instituunt.
422 2806 482 2866 Sed
497 2806 597 2865 audita
609 2825 650 2878 re,
663 2805 714 2865 ubi
728 2806 810 2865 robis
823 2806 921 2865 matris
935 2819 1075 2885 cognatos
1093 2823 1190 2873 osten-

101 2900 164 2962 dero
181 2902 270 2976 tales,
284 2902 385 2981 quales
400 2900 592 2979 ingenuorum
609 2897 759 2957 hominum
777 2918 841 2957 esse
860 2897 956 2971 decet,
969 2900 1028 2977 qui,
1044 2904 1067 2961 si
1087 2904 1143 2962 iste
1160 2906 1191 2965 in

100 3014 159 3055 eam
173 2996 246 3057 talia
265 2996 387 3056 crimina
400 2992 566 3075 conjecerit,
588 2992 701 3071 ejurent
720 3000 751 3050 et
767 2991 958 3050 testificentur
978 3011 1009 3051 se
1029 2994 1102 3053 scire
1124 3016 1189 3057 eam

101 3106 157 3149 esse
170 3092 275 3161 civem,
286 3108 359 3168 quos
373 3108 426 3148 vos
440 3086 548 3167 putatis
562 3104 627 3145 esse
641 3084 698 3144 fide
718 3083 835 3163 dignos,
849 3103 913 3142 eam
929 3084 1013 3143 nobis
1035 3086 1107 3146 ferte
1122 3108 1188 3149 sen-

100 3180 225 3254 tentiam,
239 3201 328 3262 quam
342 3180 471 3260 postulat
484 3178 617 3257 aequitas.

137 3274 183 3333 11.
205 3274 284 3333 Mihi
298 3292 368 3333 avus
380 3272 445 3344 fuit,
458 3270 661 3339 Athenienses,
675 3268 774 3327 matris
787 3278 871 3348 pater
883 3270 1088 3331 Demostratus
1102 3273 1189 3333 Meli-

99 3368 194 3426 tensis.
220 3366 257 3425 Ei
272 3375 433 3425 nascuntur
446 3375 571 3444 quatuor
581 3360 662 3421 liberi
677 3361 797 3439 epriore
808 3361 1009 3438 quamhabnit
1019 3383 1119 3438 uxore,
1129 3366 1190 3426 filia

100 3467 127 3516 et
139 3460 224 3535 filius,
238 3460 288 3521 cui
302 3478 408 3519 nomen
422 3458 478 3517 fuit
491 3455 654 3535 Amytheo:
675 3473 693 3512 e
705 3452 866 3531 posteriore
878 3454 1084 3530 Chaerestrata,
1097 3466 1190 3519 mater

99 3566 167 3625 tneo,
185 3563 215 3613 et
234 3552 427 3611 Timocrates.
470 3550 525 3609 His
545 3566 631 3627 porro
650 3545 733 3604 liberi
748 3557 915 3618 nascuntur,
934 3548 1112 3627 Amythaoni
1126 3549 1190 3609 Da·

98 3654 261 3717 mostratus,
282 3644 328 3703 eri
350 3660 457 3702 nomen
478 3641 614 3711 referens,
628 3647 657 3697 et
678 3636 872 3710 Callistratus,
886 3648 917 3696 et
929 3638 1102 3700 Dexitheus.
1142 3642 1188 3702 Ac

100 3732 237 3815 Amytheo
251 3736 369 3817 quidem
384 3754 420 3795 ex
434 3752 533 3793 eorum
547 3749 668 3789 numero
683 3731 792 3806 estqui
806 3731 835 3788 in
850 3730 951 3789 Sicilia
964 3740 994 3789 et
1019 3732 1187 3806 militarunt,

101 3834 129 3885 et
141 3829 288 3898 obierunt;
310 3839 341 3889 et
356 3828 488 3907 sepultus
502 3824 591 3885 estin
611 3822 735 3902 publicis
750 3822 945 3882 monimentis.
971 3824 1011 3882 Et
1022 3823 1087 3883 haec
1098 3834 1187 3885 testes
1270 3828 1277 3841 ‘

102 3922 318 3995 confirmabunt.
351 3922 440 3980 Soror
453 3928 551 3979 autem
566 3916 639 3996 ejus,
655 3934 721 3994 quae
735 3915 866 3975 Alaeensi
876 3916 1007 3976 Diodoro
1021 3925 1113 3995 nupta
1123 3917 1189 3988 fuit,
1229 3980 1234 3991 ‚

101 4009 183 4071 lilium
197 4012 311 4095 peperit
324 4012 495 4073 Ctesibium.
537 4010 566 4069 ls
576 4007 675 4088 Abydi
690 4006 771 4078 obiit,
782 4028 848 4067 cum
858 4007 1040 4087 Thrasybulo
1053 4008 1188 4071 militans.

102 4100 142 4162 Ex
163 4106 210 4168 his
233 4106 306 4168 vivit
328 4106 534 4165 Demostratus
555 4099 747 4181 Amytheonis
765 4100 854 4174 filius,
877 4099 977 4160 matris
1000 4120 1073 4159 meae
1091 4101 1187 4163 fratris

101 4193 181 4258 filius.
223 4199 430 4259 Chaerestratae
454 4196 526 4256 aviae
546 4214 621 4255 meae
641 4211 770 4252 sororem
793 4193 874 4253 ducit
897 4192 1095 4272 Apollodorus
1117 4193 1188 4255 Plo·

101 4288 217 4353 thensis.
258 4290 307 4351 Ex
319 4292 365 4350 his
379 4290 508 4350 nascitur
528 4284 728 4369 Olympichus,
744 4304 780 4344 ex
794 4284 969 4366 Olympicho
980 4285 1190 4367 Apollodorus.

103 4379 129 4442 ls
143 4383 221 4447 vivit.
263 4382 391 4445 Proinde
404 4400 478 4446 roca
490 4380 561 4440 mihi
573 4400 634 4441 eos.
