2967 5017
268 359 308 418 ⁷2
620 359 665 421 lli
692 357 1025 422 OTESlPllON'l'EM.

266 510 339 572 dum
349 529 498 591 quemque
516 521 644 574 vestm
657 514 783 593 puderet
801 515 955 576 stetiouem
968 515 999 574 in
1011 513 1091 574 bello
1108 508 1162 572 sibi
1182 511 1385 592 ssslgnetttm

265 601 412 675 tumre,
425 604 468 664 ita
482 604 569 666 etiem
587 625 668 668 uuae
680 606 843 685 pudeateb
864 625 902 668 eo
919 607 985 668 loco
1006 605 1142 685 migrem,
1158 604 1264 684 inquo
1283 623 1308 664 e
1330 603 1381 662 le-

267 694 353 774 gibus
371 694 508 758 collocati
527 697 600 758 estis
616 697 822 759 dominationis
836 698 983 780 popularis
1002 697 1144 759 custodes
1160 695 1310 755 hodierno
1326 693 1382 753 die

267 787 423 846 mutiensi.

307 883 338 937 4.
359 878 437 939 lllud
447 879 535 941 etiam
544 881 738 944 memoriaest
747 881 914 950 tenendum,
926 881 1077 942 universos
1087 881 1166 940 cives
1176 879 1247 958 reip.
1258 887 1381 938 statum

258 979 357 1049 ‚atqua
369 973 500 1050 regimen
514 983 619 1032 vestre
633 973 1001 1045 circumterminum,
1015 991 1139 1051 quorum
1153 971 1203 1031 alii
1216 968 1380 1029 hodierno

269 1061 416 1122 intersunt
427 1081 538 1134 muse,
555 1064 604 1124 elii
617 1083 686 1124 vero
701 1068 810 1126 absunt
824 1065 892 1126 suia.
908 1062 1042 1143 occupeti
1061 1063 1203 1143 neg-utiles
1225 1079 1304 1141 quos
1327 1081 1380 1121 re·

267 1154 362 1227 veriti,
381 1163 413 1215 et
426 1155 628 1234 jurisjurandi,
653 1175 714 1236 quo
732 1155 866 1218 obstricti
883 1157 967 1228 estis,
986 1156 1142 1234 legumque
1161 1171 1321 1224 memores,
1349 1153 1377 1212 si

269 1245 493 1325 Ctesiphontem
517 1249 730 1310 convicerimus
758 1260 790 1308 et
809 1249 925 1326 legibus
945 1248 1120 1308 conburium
1144 1247 1315 1324 falsumque
1344 1256 1378 1306 et

266 1337 378 1398 civitati
389 1339 609 1400 incommodum
617 1341 768 1402 decretum
783 1341 1004 1419 conscripsisse,
1018 1325 1146 1410 eicrtitc,
1159 1337 1376 1412 Athenienses,

267 1429 370 1508 inique
382 1431 542 1510 proposita,
555 1431 784 1492 dominationem
798 1431 968 1510 populerem
988 1431 1099 1491 ciritsti
1118 1431 1260 1502 stabilite,
1275 1431 1316 1491 de
1337 1432 1375 1490 iis

268 1523 356 1604 quiin
366 1525 497 1603 gerenda
505 1545 565 1602 rep.
580 1543 674 1602 neque
684 1523 799 1602 legibus
808 1543 902 1602 neque
913 1525 1024 1583 civitati
1038 1523 1291 1602 neqnecommuni
1306 1539 1374 1582 cm·

268 1618 350 1679 nium
361 1628 488 1678 vestrum
502 1618 621 1680 utilitati
639 1617 800 1678 oonsuluut
812 1637 914 1698 prenae
928 1615 1082 1676 destituite.
1105 1616 1192 1684 Quod
1207 1615 1232 1674 si
1245 1615 1293 1676 lris
1307 1617 1374 1674 ani-

174 1768 180 1785 ,
269 1709 325 1770 ruis
342 1729 380 1770 ee
391 1729 459 1788 quse
470 1709 602 1771 dicturus
615 1727 681 1770 sum
701 1708 861 1782 audieritis,
879 1719 960 1768 certe
974 1707 1035 1768 scio
1055 1726 1107 1766 ros
1125 1717 1156 1768 et
1167 1707 1282 1786 justam
1303 1707 1374 1767 reli·

270 1800 442 1880 rimamque
468 1813 500 1862 et
520 1802 604 1864 robis
620 1800 848 1881 reipublicnque
865 1799 1019 1880 perutilem
1042 1796 1218 1860 senteutiam
1239 1817 1307 1859 esse
1330 1800 1375 1860 la-

271 1905 362 1954 turos.
1051 1927 1052 1932 κ
1360 1935 1369 1956 t

311 1987 343 2046 5.
363 1985 409 2046 Ac
421 1984 461 2046 de
477 1985 615 2046 universa
627 1987 747 2065 quidem
762 1984 948 2044 accusatione
963 1983 1034 2043 sutis
1047 1982 1141 2042 multa
1151 2001 1200 2042 me
1218 1983 1374 2062 prelatum

270 2095 336 2136 esse
349 2077 488 2137 confido:
508 2078 547 2136 de
560 2077 676 2156 legibus
689 2087 799 2148 eutem,
812 2095 879 2155 quoe
898 2075 938 2136 ad
956 2095 1008 2136 ecs
1029 2076 1178 2154 pertinent
1187 2075 1239 2154 qui
1252 2075 1374 2136 ntioni*

270 2167 326 2226 bus
340 2166 499 2228 referendis
513 2179 584 2230 suut
595 2169 724 2240 obnoxii
735 2177 840 2230 eontra
849 2187 924 2245 quas
938 2167 1088 2228 decretum
1104 2167 1287 2246 lsoescripait
1300 2169 1373 2228 Cte-

271 2257 388 2337 siphon,
402 2261 505 2339 paucie
514 2261 575 2340 jam
599 2261 669 2320 mibi
683 2279 750 2320 esse
764 2259 920 2320 dicendum
934 2259 1059 2318 uidetur.
1095 2259 1301 2336 Superioribus
1317 2259 1374 2339 igi·

272 2360 320 2410 tur
332 2352 520 2430 temporibus,
537 2352 672 2412 nonnulli
684 2353 807 2413 summis
824 2351 854 2410 in
871 2350 975 2429 repub.
994 2349 1214 2430 magistratibus
1233 2350 1329 2410 iuncti
1343 2362 1375 2411 et

273 2443 469 2520 vectigalibus
480 2442 613 2520 preteeti
626 2443 776 2513 curandis,
790 2442 897 2522 quique
915 2442 947 2501 iu
960 2461 1060 2502 eorum
1078 2442 1202 2522 singulis
1220 2443 1374 2504 sordidus

271 2543 419 2611 querum
433 2534 573 2604 lacerent.
588 2534 783 2613 sdjungendis
799 2535 855 2594 sibi
875 2545 936 2596 tum
951 2555 970 2596 a
983 2545 1086 2598 senatu
1100 2545 1162 2595 orm
1177 2555 1196 2594 a
1209 2536 1297 2616 plebe
1309 2555 1374 2596 ors·

271 2625 394 2697 toribus,
421 2627 566 2688 munuum
585 2626 803 2688 referendarum
819 2627 932 2707 judicie
952 2627 1087 2687 leudibus
1111 2637 1143 2686 et
1164 2627 1319 2706 preconiis
1339 2647 1375 2687 er

272 2717 433 2797 longinquo
439 2719 673 2790 antevertebent,
683 2719 768 2780 itaut
778 2721 807 2780 in
818 2719 1205 2798 rationibusmagistratuum
1216 2718 1374 2779 reddendis

272 2821 471 2883 mereamus,
498 2811 650 2890 multoque
672 2813 760 2872 etiam
779 2813 876 2890 magis
896 2811 1025 2891 judices,
1045 2812 1076 2871 iu
1096 2811 1237 2872 marines
1260 2811 1375 2871 redacti

271 2919 357 2966 eram
367 2904 530 2984 ungusties.
551 2905 640 2966 Multi
650 2905 728 2968 euim
736 2924 837 2966 eorum
851 2905 1039 2984 quitationes
1052 2903 1176 2966 reddere
1184 2905 1373 2980 tenebantur,

272 3015 342 3058 curn
355 2998 537 3077 apertissime
551 2998 703 3077 peculatus
716 3007 917 3076 arguerentur,
932 2997 1077 3078 ejudiciis
1093 3006 1191 3058 umen
1208 3007 1371 3057 eraserunt.

275 3087 382 3166 Neque
400 3088 431 3148 id
451 3107 523 3149 sane
543 3091 659 3150 nubum.
692 3089 829 3148 Pudebat
848 3089 960 3148 scilicet
973 3087 1102 3168 judices,
1115 3087 1146 3145 in
1166 3087 1271 3152 eedem
1292 3089 1374 3160 urbe,

209 3209 213 3218 ·
274 3177 406 3240 totuin·
426 3181 517 3240 utinm
538 3181 642 3240 eodem
658 3197 748 3250 enno,
762 3180 854 3239 virum
868 3179 960 3248 illum,
982 3179 1099 3259 dequo'
1112 3197 1206 3257 nuper
1218 3175 1298 3238 ludia
1319 3197 1375 3258 pu·

273 3270 358 3330 blicis
371 3271 587 3346 prediceretur,
599 3287 667 3328 eam
678 3270 793 3330 virtutis
807 3289 878 3348 ergo
892 3282 922 3330 et
931 3271 1053 3350 justitie
1066 3287 1156 3331 aurea
1169 3287 1279 3329 corona
1291 3287 1311 3330 a
1322 3288 1373 3349 po·

274 3359 346 3439 pulo
356 3359 477 3425 donarit
497 3377 567 3418 mox
585 3378 602 3419 e
615 3359 726 3437 judicio
737 3360 827 3422 sideri
841 3371 996 3421 ereuutm
1011 3362 1081 3420 furti
1094 3379 1187 3421 causa
1199 3361 1374 3440 repetundu-

274 3471 340 3512 rum
353 3451 536 3514 muttum.
569 3451 673 3530 ltaque
684 3454 861 3512 sententiam
879 3453 958 3513 serre
966 3452 1083 3532 judices
1100 3453 1295 3534 cogebantur,
1316 3473 1374 3514 nou

274 3563 363 3626 quern
381 3543 530 3624 objectum
548 3543 660 3606 crimen
677 3545 850 3624 postularet,
871 3545 926 3606 sed
943 3564 1003 3625 qua
1021 3543 1127 3605 civium
1143 3543 1246 3623 pudori
1266 3564 1375 3607 consu·

275 3637 397 3700 teretue

218 3744 222 3754 “
315 3733 346 3792 6.
367 3729 445 3791 ldoec
458 3749 526 3792 cunr
538 3729 688 3810 legislator
698 3729 820 3808 qnidam
833 3730 1094 3802 animadvertisset,
1109 3730 1206 3808 legun
1217 3729 1284 3790 tulit
1296 3749 1374 3792 earu

275 3843 333 3902 que
346 3821 528 3903 praelium,
551 3843 618 3901 quse
631 3822 741 3882 diserte
760 3811 852 3892 vetat,
872 3843 909 3882 ne
924 3823 973 3900 qui
988 3823 1115 3882 rationes
1135 3821 1267 3881 noudum
1297 3833 1374 3883 retu-

239 3957 246 3964 -
275 3915 374 3976 lerunt
384 3933 491 3975 corona
504 3914 660 3976 (luuntur.
693 3914 767 3982 Qun
781 3933 847 3973 cum
860 3934 880 3974 a
891 3913 1056 3993 legisletors
1069 3925 1130 3975 tam
1144 3914 1305 3994 prudenter
1318 3915 1376 3976 sint

274 4007 533 4089 proiecimus
544 4017 641 4068 tanen
655 4006 792 4085 quedam
806 4015 876 4066 suut
892 4007 1018 4086 sucupia
1031 4009 1184 4066 verborum
1197 4005 1312 4084 legibus
1326 4025 1375 4066 su·

276 4100 401 4178 wdone,
416 4119 538 4177 quorum
555 4097 612 4158 nisi
626 4099 692 4177 quis
707 4099 846 4158 certimes
866 4117 918 4158 roe
939 4099 1037 4172 feciat,
1051 4097 1249 4178 imprudentes
1266 4097 1374 4178 decipi·

277 4190 509 4252 mutuorum
527 4191 617 4261 eninr,
629 4189 681 4268 qui
702 4189 815 4268 aliquos
829 4200 897 4250 ante
916 4191 1024 4252 relstas
1047 4191 1174 4250 rationes
1195 4207 1305 4250 corone
1323 4189 1374 4249 do·

277 4282 395 4344 nendos
408 4293 511 4348 contra
522 4283 605 4362 leges
618 4292 750 4353 censent,
763 4283 898 4343 nonnulli
912 4295 1016 4344 nabere
1034 4291 1105 4350 suat
1115 4281 1254 4350 modesti,
1268 4283 1295 4341 si
1308 4283 1373 4361 qsir

276 4373 476 4435 mndoeorurn
490 4375 641 4437 reodestm
653 4393 719 4436 arse
732 4383 833 4453 potest
845 4375 896 4456 qui
914 4375 1033 4438 decreta
1046 4375 1179 4436 scribunt
1192 4373 1307 4454 legibus
1324 4373 1373 4434 ad·

278 4483 383 4530 versut
404 4465 568 4532 sed-tumen
580 4466 776 4530 relumeutum
784 4467 936 4544 quoddam
946 4466 1083 4532 dedoceri
1095 4465 1293 4548 mutiunt.
1315 4465 1372 4527 De·
