2967 5017
583 366 803 431 EPISTOItAE.
1187 368 1241 426 ¹³¹

142 535 205 592 eos,
222 522 293 598 quid
307 521 336 582 in
356 525 547 592 chaeronensi
560 548 661 614 pugna
678 537 744 595 urbi
757 533 1142 616 Atheniensium'profuerit,
1161 533 1242 615 quod

140 609 224 671 biars
237 608 453 681 suamcausanr
466 643 534 686 cnm
548 626 689 706 Neptuno
702 627 734 687 in
749 629 907 709 Areopago
921 626 1092 708 disceptarit
1104 627 1117 685 i
1139 627 1242 686 Enim*

141 719 212 764 vero
220 705 294 768 illud
309 712 554 778 conbiderandum
567 729 623 792 est,
638 724 681 780 an‘
690 721 729 781 a'd
743 720 843 802 prelio
853 719 1063 784 decertandum
1077 719 1240 790 cum'Anti·
1332 794 1336 810 Ι

139 805 233 872 patro,
240 799 292 859 aut
300 805 405 880 quovis
413 806 473 867 alio
482 807 681 877 Macedonum
691 816 771 892 rege,
776 811 872 892 justas
883 813 1136 875 sireshabaamus·
1151 811 1242 878 Quod

139 887 165 946 si
178 890 243 963 erit,
257 892 313 953 diis
328 900 566 976 approbantibus,
581 903 704 984 sumptis
718 906 817 979 armis,
832 905 953 966 Graecos
966 906 996 965 in
1010 905 1182 965 libertatem·
1191 922 1240 966 aa·

139 972 283 1045 ursinus.
310 987 362 1047 Sin
376 989 433 1050 hoc
450 991 569 1070 quidem
587 994 813 1074 neglexerimus,
825 996 1070 1059 assentationibus
1083 1005 1180 1056 autem
1190 996 1239 1056 in·

139 1071 233 1149 ducti,
247 1079 376 1157 superati
387 1081 538 1156 fuerimus,
553 1088 604 1166 qui
616 1087 679 1147 fieri
692 1077 809 1168 poterit',
821 1099 856 1150 ut
868 1090 898 1150 in
911 1083 1111 1150 calamitatem
1124 1109 1184 1148 non
1193 1089 1238 1148 in·

139 1159 292 1238 cidamum
305 1161 509 1253 'preterquam
527 1179 607 1256 quod
621 1180 791 1262 nosmetipsi
800 1206 804 1214 ·
812 1182 846 1240 iu'
856 1181 935 1241 mala
947 1182 1112 1262 conjecisse
1125 1180 1237 1242 videbi·

137 1273 215 1332 mur,
228 1253 295 1339 puae
308 1263 372 1322 sola
381 1283 428 1324 res
441 1266 472 1326 in
486 1268 610 1329 miseriis
624 1262 735 1332 nullam
747 1272 978 1334 consolationem
991 1273 1097 1334 habeti
1119 1273 1176 1332 Est
1184 1291 1237 1332 au-

137 1357 197 1409 tem
210 1362 241 1410 et
258 1353 425 1433 reipublice
438 1368 477 1417 et·
489 1361 540 1420 viri
553 1362 693 1442 sapientis
707 1365 847 1438 officium,
867 1365 905 1426 de
920 1375 998 1426 statu
1013 1377 1178 1445 rerumpro
1189 1383 1238 1424 ra-

136 1441 218 1502 tione
230 1442 332 1505 borum
347 1457 511 1530 temporum
523 1453 704 1517 deliberare:
726 1457 880 1518 audaciam
894 1478 971 1532 vero,
985 1458 1024 1520 ad
1038 1477 1084 1518 res
1098 1475 1171 1535 quaa
1186 1475 1238 1534 ge-

137 1534 244 1594 rendae
258 1530 410 1619 suscipias,
424 1561 461 1602 ex
474 1547 565 1605 veteri
572 1549 706 1626 pooenda
716 1551 881 1631 concipere,
892 1571 951 1630 qua
961 1551 1152 1628 olim'magna
1161 1567 1237 1627 pre·

137 1623 218 1685 (liare
227 1627 328 1700 fueris,
343 1632 374 1692 id
382 1623 505 1712 perinde
515 1655 583 1699 esse
592 1633 761 1722 uidetur,ac
776 1643 801 1701 si
815 1644 880 1722 q'uis
892 1663 969 1724 saepe
978 1643 1122 1723 Olympia
1132 1641 1235 1714 vietor»

135 1727 207 1796 post
219 1721 269 1780 ubi
281 1715 589 1801 consenuerit-‘adbuc
598 1751 707 1791 nomen
718 1753 803 1794 suum
814 1736 996 1815 profiteatur,
1006 1733 1155 1796 etscribas
1166 1752 1235 1824 euo-

137 1820 197 1883 cet,
206 1804 315 1897 eosque
324 1818 446 1891 roboris,
455 1841 516 1882 non
526 1814 604 1901 qnod
609 1826 671 1905 Jam
683 1825 783 1899 babet,
795 1828 847 1888 sed
858 1829 936 1908 quod
947 1828 1015 1889 olim
1028 1826 1141 1899 babuit,
1155 1845 1236 1886 cour·

135 1904 322 1967 monefaciat.
341 1902 403 1970 Est
416 1913 509 1974 etiam'
518 1909 704 1977 consideratu
716 1918 848 1999 dignuin,
860 1919 1024 2002 cujusmodi
1034 1939 1071 1981 ee
1084 1919 1236 1996 sintpquse

138 1994 229 2054 abeis
241 1996 301 2057 dici
316 2001 413 2075 audio,
429 2015 608 2083 quamnora
622 2018 653 2068 et
665 2009 825 2072 mirabilia:
846 2013 917 2072 dum
927 2031 981 2073 nos
994 2009 1156 2078 concordes
1170 2027 1237 2070 esse

130 2084 401 2170 jubenturque
422 2096 451 2155 id
475 2117 615 2178 magnum
635 2104 724 2164 rebus
747 2105 883 2182 gerendis
899 2105 1004 2166 afferat
1021 2104 1236 2185 adjumentum.

134 2177 230 2244 Quasi
240 2199 372 2245 verovoa
384 2187 537 2267 ignoretis,
551 2192 581 2252 id
595 2195 820 2272 quidem‘cuiris
835 2197 974 2260 urbi'sive
987 2196 1097 2258 bellurn
1111 2195 1235 2274 gerenti,
1343 2271 1352 2278 .

133 2268 665 2363 sivepacemagenti,‘esseoptimunr,
675 2285 855 2350 illudentem
865 2291 950 2350 uobis
958 2286 1150 2370 spectandum
1159 2305 1237 2358 ease,

130 2378 195 2421 ‘non
207 2382 245 2422 sn
262 2367 371 2426 bellum
389 2376 741 2450 suscepurrisconcordia
763 2381 801 2440 sit
813 2383 1052 2442 ineunda—nem
1072 2379 1233 2442 concordes

133 2469 201 2512 esse
213 2469 279 2524 nos,
293 2455 356 2514 sire
368 2458 478 2516 bellurn
493 2456 641 2538 gerentes,
653 2461 715 2528 sive
723 2463 918 2553 quiescentes,
934 2473 1069 2533 omnibus
1083 2471 1234 2534 decausis
1264 2529 1268 2536 .

134 2539 301 2624 oportet-,
312 2547 367 2606 sed
377 2549 519 2627 enjustas
532 2553 608 2614 vires
622 2551 795 2635 babeamus,
806 2563 831 2620 si
844 2567 875 2621 'et
883 2564 994 2624 bellum
1008 2582 1111 2643 gerere
1119 2574 1150 2624 et
1162 2583 1233 2625 con·

133 2635 240 2696 cordes
252 2651 317 2697 esse
329 2637 520 2712 uoluerimus,
530 2655 566 2703 ut
576 2639 812 2714 scimus'omnea.
834 2653 940 2722 Quoad
955 2665 1053 2716 autem
1064 2678 1124 2718 non
1132 2666 1233 2718 osten·

133 2726 240 2800 derint,
253 2748 309 2789 nec
323 2749 399 2809 quoa
409 2732 521 2793 bellum
536 2739 647 2815 gesturi
661 2743 810 2804 exercitus
824 2743 951 2807 babituri
961 2746 1062 2820 simus,
1074 2769 1130 2810 uec
1144 2767 1233 2828 quam

132 2821 267 2900 pecuniae
284 2823 408 2902 copiam,
423 2826 477 2887 aed
490 2820 653 2890 Minervam
667 2835 736 2894 belli
750 2837 856 2898 vadem
870 2839 956 2900 nobis
971 2840 1116 2918 dederint,
1133 2841 1233 2904 statim

133 2929 185 2970 eos
196 2911 266 2972 nihil
277 2915 315 2973 ab
325 2914 436 2977 insanis
448 2918 564 2981 differre
577 2924 815 2988 existimabimus.
831 2931 884 2991 'Ac
894 2929 976 2991 iilum
984 2933 1114 3012 quidam,
1126 2943 1161 2995 ut
1170 2954 1233 2996 me·

132 3003 262 3078 rebatur,
276 3005 364 3067 bomo
371 3007 505 3070 nimirum
520 3014 626 3075 menda
639 3035 736 3077 errore
750 3019 884 3094 affectus,
893 3024 959 3102 jure
973 3024 1168 3105 repudiastis:
1183 3027 1233 3088 isti

24 3091 32 3110 “
132 3093 232 3157 autem
250 3100 381 3162 contenti
394 3121 462 3163 esse
476 3103 596 3181 debent,
611 3109 637 3168 si
648 3109 719 3170 nihil
740 3113 810 3172 mali
823 3114 982 3193 patiantur,
997 3117 1068 3177 dum
1090 3119 1231 3182 absurdas

132 3189 303 3268 excogitant
326 3193 483 3268 orationes,
506 3206 539 3257 et
559 3219 597 3259 ne
610 3199 748 3282 reliquias
761 3205 878 3283 quidem
894 3206 1066 3270 ullasvobis
1080 3231 1232 3290 superesse

132 3283 245 3354 sinunt,
257 3283 311 3343 sed
323 3285 377 3345 bas
388 3289 476 3346 etiam
495 3289 533 3350 iis
544 3292 687 3365 invident,
699 3295 751 3375 qui
765 3298 848 3380 iungi
861 3299 959 3362 officio
972 3303 1113 3382 cupiunt;
1133 3304 1232 3366 donec

133 3372 342 3434 Thebanorum
355 3377 489 3457 exemplo
502 3383 651 3461 republica
660 3385 875 3463 administrato,
888 3394 1038 3469 regionem
1052 3405 1180 3460 nostram
1200 3398 1230 3458 in

132 3465 356 3544 oviumpaacua
365 3472 506 3542 converti,
521 3473 624 3533 urbem
637 3475 729 3534 everti
747 3480 906 3558 coegerint.
931 3481 997 3543 Nec
1010 3485 1087 3544 eninr
1100 3507 1136 3547 eo
1149 3491 1231 3568 quod

131 3573 180 3616 rea
192 3555 270 3618 male
282 3576 317 3618 sa
329 3557 449 3634 babent,
464 3557 678 3640 providendum
689 3585 749 3629 uon
760 3580 816 3642 est,
826 3592 863 3633 ne
874 3573 1034 3636 deteriores
1047 3579 1136 3640 etiam
1146 3581 1229 3644 liant.

252 3779 323 3867 ΧΠ.
357 3781 539 3848 SENATUI
561 3785 814 3859 POPULOQUE
834 3791 1100 3891 ATHENIENSl.

165 3921 280 4002 Egoad
289 3927 499 4006 rempublicam
508 3934 631 4006 accessi,
640 3943 846 3995 ennostreset
856 3935 975 4016 triginta
983 3949 1080 4014 natus,
1090 3911 1228 4006 eumne·
1360 3947 1384 3986 -·

130 4016 252 4077 hercule
264 4037 326 4079 non
339 4019 441 4082 tertias
454 4024 576 4086 actitare
594 4039 694 4106 partes
708 4025 888 4100 didicissem,
901 4021 936 4089 ut
949 4031 1169 4096 Demosthenes
1183 4037 1228 4097 di-

130 4109 231 4181 cebat,
248 4111 302 4170 sed
321 4111 396 4172 illud
415 4113 611 4196 comperietis,
624 4137 671 4178 me
683 4128 714 4180 et
734 4121 881 4181 scribendi
894 4120 1061 4198 liberaliter,
1074 4138 1106 4188 et
1118 4128 1229 4190 medio-

129 4201 188 4262 cris
198 4201 355 4277 doctrinae,
366 4214 398 4266 et
406 4206 552 4286 ejusmodi
561 4211 727 4272 orationum
735 4213 879 4274 rationem
887 4214 1034 4290 babuisse,
1042 4236 1118 4296 quas
1126 4218 1228 4282 baberi

131 4292 256 4355 Athama
272 4297 401 4359 deseret.
431 4300 530 4382 Atque
543 4323 595 4365 eas
611 4323 673 4369 nou
691 4304 730 4365 ad
747 4306 924 4368 musenim
941 4308 1113 4385 contulisse,
1132 4331 1228 4392 noque
1262 4345 1270 4376 ι

128 4385 184 4449 ulli
197 4386 312 4462 ciuium,
322 4402 447 4473 accepta·
454 4396 765 4478 pecunia,·pe'riculuru
775 4419 905 4474 enasse,
914 4421 1010 4482 nequa
1023 4403 1112 4466 etiam
1123 4415 1228 4468 contu-

130 4477 234 4542 maliis
247 4481 425 4560 vendidisse,
440 4487 494 4548 ssd
507 4509 625 4570 prorsus
638 4492 1048 4584 contumeliis'nonsllscturu
1061 4497 1228 4570 suisse'ae-
1359 4563 1364 4575 ,
