2967 5017
412 339 647 401 'ADVERSUS
668 341 936 406 TIMOTHEUM.
1171 341 1226 398 681

132 489 311 551 constitutus
334 497 410 564 erat,¹
427 506 580 574 propterea
594 495 678 576 quod
694 495 764 556 talia
784 496 951 575 reipublicae
969 505 1103 574 tempora
1121 483 1230 554 incide·

131 590 207 652 rant,
222 592 257 641 ut
267 595 298 642 et
310 585 454 646 exercitus
469 587 662 648 Calaurianus
676 599 794 667 propter
808 588 954 668 stipendia
970 607 1030 647 uon
1048 587 1145 646 soluta
1156 585 1230 646 dilu-

130 671 259 746 heretur,
270 685 300 734 et
313 675 383 735 socii
396 675 636 756 Peloponnenses
650 697 667 738 a
681 678 914 740 Lacedaemoniis
927 679 1150 744 obsiderenturr
1169 677 1229 755 jam
1283 694 1286 698 ·

131 767 296 847 Iphicrates
311 781 341 831 et
353 771 538 832 Callistratus
554 773 642 832 istum
654 781 688 830 ut
702 757 851 831 auctorem
865 789 964 831 eorum
975 769 1118 831 malorum
1133 767 1230 826 onmi-

131 861 288 935 nabantur,
304 863 342 923 ad
357 863 421 924 haec
435 865 483 944 qui
499 867 535 924 ab
554 859 683 926 exercitu
705 865 862 926 veniebant
875 867 905 925 in
918 865 1089 925 concionem
1109 861 1231 922 nuncia·

129 951 205 1012 bant
223 967 375 1034 urgentem
403 958 556 1035 penuriam
579 969 609 1017 et
632 957 829 1030 difficultates,
844 958 947 1037 partim
961 957 1048 1018 etiarn
1063 977 1115 1036 per
1131 957 1230 1018 literas

130 1045 255 1122 quisque
268 1049 374 1108 certior
392 1049 482 1108 fiebat
501 1049 666 1128 acognatir
686 1060 716 1109 et
735 1050 927 1111 familiaribus
940 1048 1088 1129 quomodo
1107 1063 1173 1109 curn
1187 1049 1230 1109 eis

130 1140 287 1215 ageretur:
307 1161 374 1219 quae
389 1143 461 1202 dum
474 1163 525 1202 vos
538 1143 653 1222 publice
665 1143 812 1213 audiretis,
827 1144 1018 1204 recordamini
1029 1162 1088 1221 quo
1101 1151 1191 1221 pacto
1200 1143 1229 1201 in

128 1249 198 1289 eum
210 1221 308 1294 “affecti
321 1235 442 1306 fueritis,
458 1256 512 1295 nec
526 1234 602 1294 enim
617 1235 759 1313 ignoratis
773 1254 808 1294 ee
819 1234 1177 1312 quedico.—cumigitur
1189 1231 1229 1294 ad

97 1361 100 1370 ‚
124 1321 268 1400 judicium
283 1326 339 1386 huc
353 1338 492 1386 venturus
515 1336 605 1398 esset,
620 1326 648 1384 in
670 1325 807 1385 Calauria
819 1325 900 1386 mille
912 1327 1067 1386 drachmas
1087 1327 1125 1384 ab
1142 1324 1229 1385 Anti·

127 1413 227 1492 phane
251 1416 429 1496 Lamprensi,
443 1417 494 1497 qui
516 1438 551 1478 eo
571 1416 738 1497 appellabat
755 1427 883 1496 quaestor
900 1415 1026 1497 Philippi
1048 1415 1228 1486 navicularii,

127 1517 289 1578 mutuatur,
301 1529 374 1588 quas
384 1510 572 1570 distribueret
584 1511 658 1568 inter
666 1509 798 1570 Boeotios
809 1507 995 1582 trierarchos,
1004 1528 1064 1588 quo
1074 1517 1228 1586 exspecta·

127 1608 195 1656 rent
219 1598 289 1657 durn
311 1599 452 1675 judicium
476 1602 514 1660 de
537 1601 697 1659 selectum
719 1609 811 1669 esset,
825 1619 911 1670 neve,
927 1600 1047 1658 Boeotiis
1064 1597 1228 1658 triremibus

126 1689 267 1749 abductis
285 1699 316 1750 et
336 1691 475 1750 militibus
498 1691 577 1770 prius
595 1691 725 1770 dilapsis,
747 1691 801 1750 sibi
814 1710 869 1750 vos
889 1693 1005 1769 gravius
1022 1690 1228 1748 irasceremini.

126 1780 222 1840 Cives
235 1779 312 1839 enirn
325 1781 403 1840 mala
417 1783 602 1860 perferebant
612 1782 703 1860 oequis
718 1781 833 1852 animis,
845 1793 876 1840 et
889 1781 1107 1860 perdurabant:
1133 1781 1229 1842 Boeoti

126 1879 230 1931 autem
252 1871 409 1952 negabant
424 1893 457 1932 se
481 1892 643 1944 mansuros,
667 1873 721 1934 nisi
742 1873 911 1952 quotidiana
940 1873 1059 1932 daretur
1082 1873 1228 1934 alimonia.

20 2013 22 2020 .
126 1965 204 2022 Tum
219 1963 307 2044 igitur
317 1964 499 2024 coactnseas
509 1965 587 2024 mille
597 1965 752 2025 drachmas
765 1968 803 2025 ab
813 1965 991 2045 Antiphane,
999 1965 1049 2044 qui
1062 1965 1231 2045 appellabat

126 2065 260 2134 quaestor
274 2055 399 2137 Philippi
414 2057 590 2130 navicularii,
605 2069 707 2117 mutuo
729 2059 826 2127 sumit,
841 2069 872 2117 et
891 2057 1004 2116 Boeotio
1021 2059 1139 2117 navium
1159 2059 1230 2120 duci

127 2147 189 2206 dat.
234 2149 275 2206 Ut
296 2158 393 2207 autam
417 2149 474 2208 huc
496 2159 625 2221 venerat,
637 2159 696 2208 tam
710 2149 862 2229 Philippus
881 2169 969 2227 quana
982 2148 1165 2227 Antiphanes
1173 2169 1228 2210 eas

127 2237 209 2298 mille
223 2239 388 2312 drachmas,
405 2259 479 2319 quas
494 2241 520 2299 ei
535 2250 701 2301 mutuarent
713 2241 742 2299 in
757 2241 904 2313 Calauria,
922 2243 959 2300 ab
972 2261 1008 2300 eo
1025 2244 1229 2320 reposcebant,

128 2349 240 2390 moram
263 2351 339 2411 segre
360 2332 496 2393 ferentes.
540 2333 601 2392 lete
615 2351 683 2392 vero
697 2332 829 2394 inimicos
847 2353 917 2394 suos
930 2343 1075 2405 metuens,
1088 2353 1126 2394 ne
1139 2335 1227 2393 resci-

127 2433 257 2494 scerent,
271 2443 344 2504 quas
355 2424 433 2503 mille
447 2425 599 2485 drachmas
610 2427 640 2484 in
652 2426 810 2500 referendis
824 2426 983 2486 rationibus
997 2426 1034 2486 de
1046 2426 1162 2504 militari
1176 2445 1228 2507 pe-

128 2516 215 2575 cunia
242 2517 362 2576 Boeotiis
387 2517 511 2577 navibus
538 2535 682 2596 expensas
709 2519 836 2593 tulisset,
859 2518 1028 2599 Philippum
1053 2518 1227 2580 creditorem

126 2607 268 2680 fraudari,
283 2609 367 2667 simol
388 2609 475 2668 etiam
493 2608 660 2687 Philippum
681 2611 801 2682 veritus,
815 2631 853 2670 ne
866 2611 897 2669 in
917 2632 949 2671 se
968 2611 1163 2671 testimonium
1181 2612 1226 2671 di-

41 2770 47 2777 ,
128 2707 209 2760 oeret
221 2701 251 2760 in
260 2700 384 2780 judicio,
404 2709 634 2779 patremmeum
652 2701 723 2773 adit,
737 2711 772 2761 ut
785 2701 951 2782 Philippum
964 2703 1100 2762 absolvat
1112 2704 1225 2782 sibique

128 2791 193 2852 illas
207 2792 286 2852 mille
299 2793 455 2852 drachmas
465 2799 614 2850 mutuetur
624 2800 696 2864 orat,
711 2813 785 2871 quas
800 2793 936 2873 Philippo
949 2793 1095 2853 redderet.
1136 2796 1226 2855 Pater

129 2903 212 2944 meus
229 2903 297 2944 curn
311 2885 425 2944 videret
438 2894 468 2944 et
481 2894 592 2964 quanto
605 2885 635 2942 in
647 2883 813 2944 discrimine
829 2897 994 2945 versaretur
1003 2885 1059 2944 iste
1074 2893 1105 2945 et
1116 2897 1226 2964 quanta
1255 2942 1260 2949 .

127 2977 253 3054 pecunie
272 2977 427 3046 laboraret,
442 2975 528 3035 simul
543 2976 629 3036 etiam
651 2975 787 3036 misertus
801 2977 883 3055 ejus,
895 2974 1024 3036 adducto
1037 2995 1073 3036 eo
1087 2976 1128 3036 ad·
1142 2997 1225 3036 men·

128 3087 199 3141 sam,
212 3061 417 3128 Phormionem
432 3069 482 3148 qui
497 3067 534 3128 ad
547 3087 678 3128 mensam
693 3068 816 3129 sedebat
823 3068 904 3128 mille
917 3068 1074 3128 drachmas
1089 3067 1225 3149 Philippo
1333 3144 1337 3151 ,

128 3179 280 3220 numerare
289 3161 388 3240 jussit,
400 3173 429 3220 et
446 3160 608 3220 debitorem
618 3159 802 3220 ‘limotheum
814 3160 984 3220 inscribere.

101 3247 111 3266 ¹
166 3255 196 3312 t.
221 3253 296 3312 Hac
311 3272 378 3314 rere
402 3271 487 3313 ame
509 3252 569 3312 dici
591 3263 625 3311 ut
645 3261 774 3324 constet,
794 3251 999 3312 Phormionem
1013 3253 1095 3313 vobis
1117 3263 1223 3314 testem
1342 3302 1346 3307 ,

129 3347 175 3424 qni
198 3346 353 3426 pecuniam
368 3345 452 3405 dedit
465 3345 621 3417 adducam,
635 3345 730 3426 abiet
744 3345 782 3404 de
796 3345 855 3404 alio
869 3355 1022 3404 connactu
1034 3345 1117 3405 vobis
1129 3346 1224 3422 disse-

129 3457 224 3512 ruero,
236 3451 271 3497 ut
289 3437 394 3498 eodem
406 3437 585 3508 testimonio,
603 3437 739 3495 universo
763 3455 821 3494 aere
841 3435 939 3496 alieno
959 3436 1088 3514 cognito,
1101 3437 1224 3496 videatis

130 3547 175 3589 nie
196 3549 266 3589 vera
287 3530 377 3609 loqui.
405 3530 538 3588 0Vocabo
558 3529 642 3604 robis
662 3527 749 3586 etiam
768 3527 975 3606 Antiphonem,
987 3529 1039 3606 qui
1061 3527 1140 3586 mille
1159 3528 1224 3587 illas

129 3621 281 3682 minas
296 3621 487 3681 Calaurianas
500 3621 547 3680 isti
560 3619 694 3690 credidit,
708 3619 816 3698 quique
828 3619 911 3678 affuit
930 3639 998 3678 curn
1013 3618 1163 3698 Philippus
1176 3619 1223 3677 hic
1249 3648 1251 3657 v

26 3703 29 3710 ’
130 3723 243 3791 epatre
255 3733 321 3776 meo
334 3728 470 3773 nummos
482 3712 634 3791 reciperet.
677 3713 746 3780 Quo
755 3709 850 3770 minua
859 3711 936 3770 enim
947 3712 1011 3789 ejus
1025 3711 1222 3769 testimonium

128 3804 205 3882 apud
221 3805 360 3866 arbitrum
382 3804 540 3884 proferrem
568 3802 684 3862 fallacia
697 3804 807 3864 factrrm
829 3813 884 3874 est,
903 3802 951 3882 qui
976 3821 1008 3860 se
1030 3801 1133 3880 quovis
1151 3800 1222 3860 mihi
1249 3861 1254 3867 ,

128 3905 267 3976 tempore,
291 3917 350 3975 quo
380 3897 418 3956 de
447 3913 537 3956 causa
561 3895 816 3974 pronunciandum
839 3905 929 3966 esset,
949 3883 1144 3954 testimonium
1177 3893 1222 3950 di·

127 3997 241 4048 cturum
261 3989 456 4069 polliceretur.
507 3988 583 4046 Curn
607 3998 705 4047 antem
729 3987 878 4068 arbitrium
900 3987 992 4056 fieret,
1017 3983 1104 4044 domo
1125 4003 1223 4044 aecer·

125 4077 297 4142 arus-non
316 4083 395 4141 enim
407 4101 438 4142 se
452 4081 805 4142 adterat-testimonium
826 4079 954 4139 deseruit
969 4089 1004 4138 ut
1015 4078 1063 4138 isti
1077 4079 1222 4158 gratnm

126 4181 212 4234 retur.
255 4173 324 4254 Ego
338 4193 409 4235 vero
416 4193 490 4233 curn
504 4191 701 4234 numerassem
721 4185 826 4233 conae
843 4191 910 4231 eum
922 4171 1053 4232 destituti
1065 4173 1223 4233 wernoni

128 4249 242 4328 domine
255 4268 438 4340 drachmam,
450 4277 482 4326 ut
495 4265 562 4345 lege
571 4265 700 4345 jubetur,
711 4265 817 4326 arbiter
827 4263 1001 4325 sententiam
1010 4264 1222 4325 damnatoriam

129 4363 185 4417 aon
196 4359 271 4431 tulit,
286 4360 339 4420 sed
353 4357 425 4419 abiit
437 4357 572 4418 absoluto
585 4357 653 4430 isto,
667 4375 733 4417 cum
743 4357 806 4436 jam
822 4364 944 4434 vespera
956 4366 1042 4415 esset.
1086 4356 1172 4416 Nunc
1191 4355 1221 4413 in

129 4449 322 4532 Antiphonem
345 4451 407 4512 dati
430 4449 530 4510 damni
549 4447 725 4528 peculiarem
748 4447 892 4508 actionem
917 4446 1040 4521 institui,
1052 4447 1133 4526 qaod
1151 4444 1222 4506 mihi

248 4575 250 4580 ·
652 4544 701 4598 ds
