2967 5017
189 309 254 370 ·.
381 273 621 336 iuvencus
641 273 909 334 rimorssuu.
1035 323 1044 336 .
1151 247 1212 332 sas

115 425 266 498 sederunt,
275 427 363 488 etiam
373 396 579 508 jusjurandum
591 426 739 508 pollicitus
752 446 817 487 sum
828 427 994 502 Timotheo,
1003 425 1085 505 quod
1097 423 1212 505 legetur
1337 431 1343 436 '

114 517 205 580 robis.

509 633 826 696 JUSJURANDUM.

116 761 220 842 Neque
235 781 313 832 vero,
335 761 468 834 ludices,
488 763 517 821 in
534 762 649 843 scriptis
664 765 760 826 solum
777 777 860 845 pater
882 765 951 824 mihi
971 765 1072 826 debita
1084 763 1210 843 reliquit,

114 853 168 914 sed
179 853 358 914 decumbens
373 854 459 914 etiam
475 855 557 926 dixit,
572 856 643 935 quid
658 857 712 916 sibi
723 857 878 916 deberetur
889 857 1067 936 singulatim,
1075 867 1213 936 etaquo,

113 957 142 1004 et
158 965 246 1024 quern
262 947 295 1028 iu¹
313 965 398 1006 usum
415 947 527 1026 accepti
546 957 644 1007 essent
666 948 888 1020 hummi,iratre
905 960 1060 1028 presente.
1100 949 1175 1009 llaec
1193 968 1213 1010 a

113 1056 163 1094 me
177 1056 243 1096 vere
258 1035 315 1096 dici
328 1049 361 1097 ut
375 1049 524 1118 appareat,
539 1037 606 1116 lege
620 1037 690 1097 mihi
703 1039 800 1100 fratris
815 1040 1021 1100 testimonium.

490 1247 492 1252 ·
514 1215 818 1278 TESTIMONIUM.

112 1330 159 1390 Ac
174 1329 358 1391 Timotheum
373 1351 438 1392 earn
452 1331 615 1410 pecuniam,
635 1353 721 1412 quam
737 1335 776 1393 ab
788 1353 825 1394 eo
839 1333 968 1414 postulo,
985 1335 1061 1413 patri
1081 1354 1145 1396 meo
1158 1334 1212 1394 de-

112 1421 226 1492 buisse,
251 1417 374 1502 eamque
389 1443 462 1482 meaa
483 1425 623 1504 portionis
637 1426 737 1499 luisse,
759 1436 792 1486 et
808 1425 899 1486 frater
918 1427 1094 1487 testificatus
1113 1438 1170 1496 est,
1185 1436 1216 1485 et
1304 1427 1309 1445 ¹

113 1514 253 1576 Phormio
264 1517 314 1594 qui
332 1516 411 1576 illam
426 1519 600 1588 numeravit,
616 1527 647 1577 et
659 1539 716 1597 ego
726 1519 934 1598 jusjurandum
948 1520 976 1579 ei
990 1521 1061 1579 dare
1075 1517 1163 1578 volui.

151 1609 184 1668 9.
207 1609 305 1674 Quum
320 1627 389 1666 raro
402 1608 455 1668 iste
476 1609 556 1688 apud
574 1610 712 1670 arbitrum
726 1619 926 1688 provocasset,
939 1621 971 1670 et
989 1610 1085 1669 afferri
1099 1611 1215 1670 tabulas

109 1719 127 1758 a
155 1717 262 1760 mensa
281 1697 408 1776 juberet,
432 1709 463 1758 et
485 1699 650 1777 exemplum
672 1701 846 1779 postularet,
863 1701 951 1760 mimo
975 1701 1158 1760 Phrasicride
1176 1701 1215 1761 ad

107 1807 245 1850 mensam
258 1806 266 1846 t
288 1787 323 1848 iis
338 1788 467 1866 prolatis,
479 1788 672 1850 Pbrasicridae
687 1800 718 1850 et
730 1791 889 1870 quaerenda
901 1801 931 1851 et
944 1793 1135 1852 exscribenda
1145 1791 1215 1853 dedi

90 1891 144 1942 ‘ea
167 1897 235 1958 quse
253 1879 309 1938 iste
326 1879 453 1942 deberet.
496 1880 674 1942 Confessum
696 1894 795 1944 autern
812 1884 905 1944 fuisse
927 1904 959 1944 se
980 1885 1144 1964 exemplum
1166 1904 1216 1947 ac·

112 1971 230 2050 cepisse
245 1978 279 2030 ut
291 1981 417 2044 constet,
432 1971 498 2052 lege
512 1971 581 2033 mihi
595 1973 804 2035 testimonium.

306 2123 310 2130 ’
395 2135 399 2140 ’
519 2153 824 2216 resrruoruorr.

114 2272 223 2333 Allatis
237 2269 326 2349 igitur
345 2289 364 2329 a
382 2289 429 2331 rrae
448 2271 538 2331 literis
558 2271 596 2330 ad
615 2273 765 2344 arbitrum,
779 2270 917 2332 Phormio
932 2283 963 2333 et
977 2273 1151 2353 Euphrreus,
1165 2274 1217 2350 qui
1265 2341 1275 2350 ,
1363 2341 1372 2350 ,

115 2363 271 2444 pecuniam
291 2362 397 2439 quibus
422 2363 477 2423 iste
492 2353 621 2442 jusserat
642 2373 787 2434 curarant,
811 2374 984 2443 praesentes,
1005 2365 1220 2426 conveniebant

115 2477 196 2528 eum,
210 2464 240 2514 et
261 2455 367 2533 quibos
395 2454 512 2534 singula
535 2457 712 2534 temporibus
732 2464 884 2519 mutuatus
908 2457 996 2528 esset',
1015 2468 1047 2518 et
1068 2477 1156 2537 quem
1178 2456 1217 2517 ad

115 2567 203 2610 usum
219 2545 390 2625 accepisset,
405 2559 523 2625 atquae
544 2546 583 2606 ad
597 2565 643 2605 res
657 2549 767 2606 abusus
781 2559 867 2607 esset.
911 2549 971 2607 lete
984 2568 1053 2609 vero
1067 2549 1145 2607 mille
1159 2557 1218 2608 tre-

115 2653 219 2702 centas
234 2637 445 2718 qninquaginta
466 2657 554 2698 unam
579 2649 608 2697 et
627 2638 701 2697 duos
715 2639 829 2708 obolos,
842 2659 909 2725 quie
927 2641 1051 2720 primum
1065 2652 1217 2702 mutuatus

115 2733 170 2793 luit
185 2749 286 2790 mense
300 2731 419 2802 Martio,
431 2751 511 2790 oram
526 2730 675 2790 soluturus
690 2729 840 2789 Socratide
860 2740 995 2809 praetore,
1010 2751 1136 2809 queque
1154 2732 1215 2790 An·

115 2824 244 2886 timacho
256 2823 395 2901 questori
418 2841 471 2882 suo
489 2822 552 2882 dari
568 2821 707 2900 jusserat,
722 2819 855 2900 privatim
869 2833 1019 2880 mutuasse
1033 2822 1154 2882 dicebat
1166 2841 1218 2900 pa-

117 2929 190 2977 trem
215 2935 312 2975 meum
337 2915 523 2986 Antimacho,
549 2931 607 2973 non
631 2931 662 2974 se
685 2913 842 2992 accepisse.
886 2913 930 2971 Ac
952 2931 1021 2971 vera
1043 2911 1163 2992 quidem
1186 2933 1217 2974 se

116 3009 213 3070 dicere
227 3007 310 3067 nullo
325 3017 397 3067 teste
412 3005 559 3066 ostendit:
581 3005 634 3066 sed
647 3007 739 3065 verbis
751 3004 890 3076 abutitur,
902 3013 983 3063 utne
996 3003 1059 3082 ipse
1071 3004 1218 3078 fraudare,

118 3103 169 3162 sed
182 3100 379 3162 Antimachus
401 3109 551 3159 mutuatus
570 3119 636 3159 esse
650 3099 792 3158 videatur.
833 3097 900 3175 Ego
916 3115 995 3168 vero,
1009 3097 1141 3168 ludices,
1155 3116 1218 3158 ma·
1338 3145 1344 3158 .

118 3213 210 3273 gnum
238 3192 320 3252 vobis
339 3199 544 3271 argumentum
571 3190 678 3262 dicam,
701 3191 782 3250 unde
806 3199 956 3268 appareat,
969 3209 1030 3249 non
1044 3190 1219 3252 Antimacho

118 3296 282 3350 mutuatum
296 3305 362 3346 esse
376 3295 488 3364 patrem
502 3285 580 3344 illam
597 3283 764 3364 pecuniam,
781 3282 837 3342 sed
855 3281 1010 3341 Timotheo
1028 3281 1149 3361 jamjam
1169 3303 1218 3344 so·

118 3381 225 3441 luturo.
267 3379 375 3439 Utrum
389 3376 466 3438 enim
480 3377 593 3437 lucilius
613 3375 745 3436 l'uturum
758 3374 873 3454 putatis'
882 3373 968 3453 patri,
983 3374 1140 3452 publicatis
1154 3375 1217 3435 An-

117 3471 237 3533 timachi
255 3471 349 3544 honis,
362 3487 492 3530 asserere
507 3469 562 3530 sibi
576 3471 614 3529 ab
627 3487 662 3528 eo
677 3468 786 3539 deberi,
799 3467 824 3526 si
845 3465 1023 3526 Antimacho
1045 3477 1218 3541 mutuasset,

119 3585 155 3623 an
169 3572 338 3642 exspectare
354 3562 423 3622 dum
438 3561 560 3620 eandem
580 3563 617 3621 ab
634 3560 691 3621 isto
712 3559 893 3638 locupletato
913 3559 1066 3638 reciperet,
1081 3560 1132 3637 qni
1154 3559 1226 3637 ipse,

118 3655 168 3716 illo
182 3665 311 3734 tempore
325 3673 407 3734 spem
423 3654 462 3713 de
484 3653 579 3713 salute
595 3655 649 3712 sira
669 3653 859 3734 perexiguam
876 3648 1026 3709 hahebat?
1061 3649 1218 3708 Enimvero

118 3747 143 3806 si
157 3746 347 3826 postulasset,
361 3764 420 3805 uon
434 3743 578 3805 defuisset
591 3744 669 3803 unde
688 3763 726 3802 ex
741 3761 849 3823 sponso
864 3754 975 3820 ageret,
989 3759 1084 3818 neque
1102 3740 1129 3799 ei
1143 3739 1217 3800 fides

118 3839 350 3900 luissetavobis
364 3840 515 3917 abrogata.
557 3836 644 3896 Scitis
658 3822 735 3907 enirn
749 3853 849 3893 omnes
863 3843 976 3912 patrem
989 3851 1085 3891 meum
1099 3831 1238 3910 publica.
1273 3884 1277 3890 .
1323 3858 1326 3872 ·

119 3951 176 3992 nou
190 3932 296 4011 injuste
311 3931 495 4010 concupisse,
508 3929 561 3990 sed
574 3928 612 3988 de
625 3949 679 3988 suo
694 3927 789 3997 vobis,
800 3925 914 4005 quoties
920 3920 1073 4004 juberetis,
1083 3923 1219 3983 alacriter

120 4043 273 4104 erogasse:
296 4021 401 4082 deiude
414 4021 564 4082 familiaris
579 4021 674 4080 alluit
687 4019 882 4087 Callistratus,
896 4019 946 4096 qui
960 4014 1130 4076 Antimachi
1140 4016 1219 4076 bona
1260 4093 1264 4100 ι

120 4115 286 4194 publicarit,
310 4134 405 4193 neque
427 4113 455 4171 ei
469 4111 645 4174 'adversatus
659 4120 747 4172 esset.
790 4108 869 4176 Quid
893 4107 947 4167 sibi
970 4105 1112 4166 voluisset
1130 4102 1218 4186 igitur
1273 4186 1275 4189 Ι

119 4217 210 4285 pater,
225 4217 259 4268 ut
279 4206 464 4266 Timotheum
482 4207 580 4285 potius
597 4203 757 4264 debitorem
781 4201 865 4261 nobis
884 4199 1054 4278 inscriptum
1070 4199 1217 4278 relinque-

119 4308 171 4369 ret,
186 4297 242 4358 nisi
263 4298 292 4384 is·
308 4297 466 4368 debuisset,
479 4315 566 4376 quam
581 4306 614 4356 ut
629 4315 644 4355 e
660 4293 815 4374 publicatis
830 4289 996 4351 Antimachi
1011 4291 1096 4352 honis
1114 4303 1217 4372 postu·

119 4385 293 4468 laretatque
306 4389 473 4468 reciperet?
541 4397 542 4402 ’
569 4421 571 4428 >
658 4441 662 4448 .
