2967 5017
262 303 321 362 680
536 301 751 364 ADVERSUS
773 301 1040 366 rittounsurt.

260 456 391 520 oratione
404 455 548 537 deceptis,
561 478 594 520 ae
608 457 679 520 nihil
693 457 811 524 debere.
826 475 880 522 nor
889 457 1021 536 pecnnia
1029 453 1360 520 mumulus—nece·-

261 551 369 612 aarium
382 549 452 608 mihi
466 548 579 632 videtur
592 569 657 612 esre
670 559 704 612 ut
717 550 755 610 ab
769 550 851 610 initio
864 549 946 609 vobis
959 547 1059 609 omnia
1069 567 1304 623 commemorem,
1322 560 1360 612 et

259 651 327 723 quie
340 641 536 715 debentur,et
548 641 687 722 quemad
701 659 764 705 rem
776 642 902 722 pecunia
914 640 1082 722 singulatim
1095 641 1135 704 rit
1147 659 1229 714 uam,
1237 650 1357 704 etten-

260 754 330 817 pora
342 735 448 816 quibus
462 746 629 796 contractus
646 735 741 796 fuctus
761 744 817 795 est.
859 734 964 813 Neque
978 753 1048 813 vero
1060 754 1114 794 nos
1131 753 1168 794 ea
1180 743 1261 794 certo
1275 734 1355 794 scire

258 827 411 907 quisquam
424 835 551 887 vestrum
571 827 701 887 miretur:
722 826 857 886 mensarii
878 825 955 885 enim
968 825 1193 886 commentarios
1208 825 1355 886 conficere

259 911 356 981 solent
369 928 430 980 tum
443 937 541 978 earum
554 918 741 999 pecuniarum
755 936 829 997 quas
842 915 895 998 ipsi
909 916 991 993 dant,
1001 927 1032 978 et
1041 937 1128 998 quern
1141 917 1171 977 in
1182 937 1277 990 usum,
1288 929 1353 978 tum

259 1031 359 1075 earam
373 1030 439 1091 quse
449 1010 528 1092 apud
540 1010 619 1092 ipsos
633 1011 830 1090 deponuntur,
843 1021 877 1072 ut
892 1008 950 1070 sibi
962 1020 1032 1070 nota
1045 1010 1246 1091 amtexpenra
1257 1020 1291 1073 et
1301 1029 1355 1072 ac·

250 1113 345 1186 ’cepta
355 1104 386 1164 in
398 1103 558 1166 rationibus
571 1103 740 1164 referendis.

299 1198 329 1256 2.
350 1195 500 1260 Socradde
509 1205 644 1278 pretore,
657 1213 757 1256 mense
770 1193 889 1286 Martio,
902 1192 994 1254 altera
1005 1192 1191 1274 navigatione
1202 1193 1354 1274 profectu·

259 1304 309 1352 tur
322 1289 501 1362 Timotheus,
515 1299 545 1350 et
560 1289 623 1369 jam
638 1287 785 1349 soluturus
805 1306 822 1345 e
841 1285 964 1359 Piraeeo,
982 1305 1050 1346 cum
1069 1285 1207 1366 ampliore
1223 1289 1353 1367 poeunia

257 1380 409 1464 indigeret,
432 1382 556 1444 accersit
576 1381 615 1441 ad
633 1391 746 1460 patrem
768 1399 865 1462 meum
888 1380 918 1439 in
939 1391 1027 1460 portu
1053 1389 1084 1441 et
1105 1390 1238 1452 mutuare
1258 1380 1354 1460 jussit

257 1475 411 1538 drachmas
424 1473 503 1535 mille
518 1483 662 1540 trecentas
677 1471 890 1553 quinquaginta
902 1491 1000 1545 unam,
1014 1473 1089 1533 duos
1105 1471 1209 1532 obolor
1222 1477 1352 1547 (tantum

257 1568 335 1630 enim
357 1567 413 1629 sibi
433 1585 508 1647 opus
523 1585 591 1646 esse
606 1567 724 1644 aiebat),
743 1576 775 1626 et
791 1565 862 1626 dare
876 1564 1052 1626 Antimacho
1064 1566 1203 1646 quaestori
1219 1585 1281 1640 sno,
1295 1567 1352 1643 qni

256 1673 319 1724 tum
333 1662 416 1724 istius
436 1661 534 1722 omnia
545 1662 675 1724 contat.
716 1661 815 1739 Atque
825 1658 852 1719 ir
860 1657 978 1737 quidem
994 1659 1046 1737 qui
1058 1658 1213 1739 pecuniam
1229 1668 1352 1738 epatre

256 1773 322 1816 meo
345 1763 523 1816 mutuaretur
534 1751 706 1814 Timotheus
729 1761 803 1824 erat,
820 1749 929 1830 quique
944 1748 1061 1828 juberet
1074 1750 1252 1812 Antimacho
1267 1769 1351 1829 qnae-

256 1847 327 1908 stcri
343 1865 398 1907 suo
424 1845 502 1906 dari:
522 1843 571 1926 qui
591 1863 659 1906 vero
682 1843 762 1904 illam
784 1843 822 1903 de
844 1861 947 1902 mensa
966 1841 1172 1904 aPh‘ormione
1192 1843 1353 1922 acciperet,

255 1939 448 2007 Autonomos.
462 1935 511 2015 qui
524 1936 603 1995 omni
617 1933 748 2014 tempore
760 1931 937 1994 Antimacho
947 1931 1142 2011 scriptitabat.
1173 1934 1253 1996 Data
1261 1935 1352 2014 igitur
1473 1958 1475 2005 ;

116 2029 122 2038 '
256 2047 292 2090 ee
304 2026 437 2106 pecumm
452 2025 611 2085 debitorem
629 2023 774 2102 inscripsit
793 2041 861 2083 eum
876 2021 926 2100 qui
946 2031 1079 2084 mutuare
1095 2025 1233 2106 jusserat,
1247 2025 1350 2086 Timo·

254 2119 374 2180 theam:
395 2115 674 2188 incommentarium
687 2116 774 2178 etiam
786 2113 893 2188 retulit,
906 2113 1252 2197 cuidareistejusserat,
1262 2117 1349 2178 Anti-
1473 2116 1475 2163 t

254 2209 543 2289 machum,etquem
555 2207 749 2269 Antimachus
762 2207 881 2267 miserat
890 2204 929 2265 ad
942 2224 1075 2268 mensam
1088 2218 1123 2268 ut
1134 2209 1257 2270 eaodem
1269 2211 1350 2272 acci·
1473 2234 1474 2283 l

253 2316 345 2384 peret,
358 2307 567 2376 Autonomurn,
588 2301 666 2364 mille
686 2310 833 2362 trecentas
854 2297 1010 2360 drachmas
1025 2300 1240 2382 quinquaginta
1256 2321 1348 2366 unam
1473 2308 1474 2367 l

254 2408 285 2458 et
295 2397 370 2458 duos
384 2395 495 2457 obolos.

295 2491 324 2548 3.
346 2487 473 2551 Primum
495 2485 583 2566 igitur
603 2486 746 2561 debitum,
765 2488 845 2567 quod
858 2487 928 2550 binc
940 2489 1057 2551 solvens
1075 2486 1238 2548 secundum
1251 2488 1347 2568 impe·
1473 2468 1474 2515 3

252 2593 330 2650 rator
344 2581 471 2662 accepit.
485 2589 597 2642 tantum
610 2581 677 2642 fuit.
707 2581 782 2644 Cum
796 2602 868 2646 vero
878 2593 976 2654 seruo
985 2581 1124 2662 suffragio
1136 2582 1349 2662 improbaretur

251 2678 331 2759 qaod
344 2677 579 2759 Peloponnesum
591 2677 687 2740 classe
699 2697 758 2740 non
773 2679 910 2743 abiisset:
931 2677 1239 2758 etadcausamapad
1250 2697 1347 2758 popu·
1473 2706 1474 2741 i

252 2771 1022 2847 lunurendumvomantuamaxinoorintneeeus:
1037 2781 1147 2832 st'eum
1157 2770 1346 2833 Callistratus
1473 2766 1474 2787 ¹

251 2864 525 2947 rtqne'lphicrater,
538 2863 590 2926 riri
604 2876 636 2928 et
648 2866 734 2926 rebus
748 2867 883 2945 gestiret
901 2865 1070 2944 eloquentia
1086 2873 1270 2942 prestantes,
1291 2883 1348 2943 op·
1473 2862 1474 2865 ’

251 2971 435 3040 pugnarent3
456 2961 498 3022 ita
515 2959 557 3021 illi
569 2978 621 3022 vos
639 2969 669 3019 et
689 2958 745 3039 ipsi
767 2969 916 3020 eteorum
929 2958 1064 3021 advocat
1077 2956 1245 3018 accusando
1263 2975 1348 3018 com·

252 3063 416 3127 meremnt,
430 3065 464 3114 ot
484 3051 706 3123 Antimachum,
725 3061 900 3128 quaestorem
913 3052 977 3132 eius
993 3064 1026 3113 et
1042 3051 1186 3123 intimum,
1199 3051 1278 3112 facto
1291 3072 1348 3132 pro

252 3144 394 3206 concione
416 3143 529 3223 judicio
551 3141 733 3216 occideretis,
748 3143 832 3205 bonis
852 3145 940 3206 etiam
958 3150 1023 3221 ejus
1044 3144 1218 3224 publicatir;
1247 3145 1347 3224 iprum

252 3253 320 3300 tero
341 3233 429 3296 iatum
453 3233 678 3313 deprecantibus
700 3235 890 3299 familiaribus
910 3246 942 3299 et
958 3238 1093 3318 cognatis
1114 3239 1178 3320 ejus
1200 3238 1362 3312 omnibns,

252 3345 397 3405 superque
410 3325 516 3386 Alceta
529 3335 561 3388 et
581 3326 695 3402 Iasone,
710 3328 798 3391 sociis
809 3329 924 3402 restris,
937 3331 986 3391 six
1007 3330 1207 3403 absolveretis,
1227 3329 1281 3392 sed
1299 3339 1348 3392 ta·

251 3439 322 3481 rnen
339 3420 489 3500 imperinm
502 3419 529 3480 ei
542 3421 730 3500 abrogaretir.
772 3424 849 3484 Cum
861 3423 951 3503 igitur
962 3425 1072 3486 talibus
1083 3423 1252 3485 criminibus
1264 3433 1350 3486 mota

140 3573 143 3580 .
252 3513 350 3595 inopia
362 3521 622 3593 urgeretur-enam
642 3525 673 3576 et
693 3515 848 3577 facultates
868 3516 933 3597 ejus
945 3517 1203 3579 omnenobasratar
1215 3525 1301 3576 erant
1316 3525 1350 3576 et

251 3606 357 3668 libellis
370 3604 510 3686 appetitis
529 3607 567 3668 ab
580 3606 645 3668 aliis
659 3611 843 3683 tenebantur,
861 3629 932 3690 ager
949 3611 1028 3672 enim
1047 3610 1077 3670 in
1092 3608 1212 3691 planitie
1230 3606 1348 3688 pignori

251 3698 402 3781 oppositus
419 3707 483 3758 eret
501 3698 664 3762 Eumelidae
677 3699 747 3775 filio,
762 3712 794 3764 et
805 3703 960 3783 sexaginta
979 3701 1146 3764 trierarcln‘s
1163 3702 1216 3781 qui
1226 3717 1296 3762 cnm
1309 3719 1348 3762 eo

251 3791 422 3871 navigarant
443 3793 571 3870 septenis
592 3791 678 3854 minis
699 3793 730 3854 in
753 3794 897 3876 magnios,
912 3815 987 3875 qaas
1012 3815 1065 3858 em
1088 3795 1146 3857 iste
1166 3794 1207 3858 ad
1223 3793 1350 3856 alendos

251 3895 356 3948 mutar
378 3885 507 3966 dilargiri
528 3899 678 3968 coegerat,
697 3890 897 3972 oppignerata
909 3901 1004 3952 erant
1025 3891 1233 3973 reliqomejna
1256 3909 1348 3970 opes:

250 3981 400 4058 quievero
421 3979 522 4060 populi
543 3979 688 4061 suffragiis
706 3983 844 4063 rejectus,
858 3994 993 4064 septenas
1012 3984 1078 4045 illas
1099 3984 1194 4046 minas
1210 3985 1241 4044 in
1259 3983 1350 4044 ratio·

252 4071 337 4131 nibus
356 4071 517 4134 referendis
538 4091 680 4153 expensas
699 4075 805 4137 tulerat
826 4076 925 4138 nautis
943 4078 980 4137 de
998 4078 1115 4138 militari
1134 4077 1271 4158 pecunia,
1284 4087 1348 4135 tum

250 4163 369 4234 veritos,
381 4183 419 4224 ne
432 4165 463 4224 in
476 4183 508 4226 re
520 4165 650 4246 praefecti
664 4167 824 4230 mireminm
832 4169 1032 4230 testimoninm
1044 4170 1175 4232 dicerent
1185 4181 1273 4250 atque
1283 4168 1349 4248 ipre

252 4255 395 4318 mendacii
408 4258 636 4333 convinceretur,
646 4272 748 4321 mutuo
761 4263 851 4322 sumit
864 4262 1015 4343 aringnlis
1025 4273 1165 4344 septenas
1178 4263 1244 4322 illas
1254 4261 1351 4321 minas

251 4345 442 4427 oppignerata
462 4350 505 4412 eis
527 4370 558 4412 re
580 4371 633 4412 rua
655 4351 798 4427 familiari,
811 4355 918 4434 quibus
935 4375 1015 4416 nnnc
1034 4373 1086 4416 eos
1100 4353 1226 4416 revulsis
1241 4352 1352 4414 libellis

252 4437 387 4505 fraudat:
409 4441 539 4522 uotique
555 4443 642 4523 igitar
659 4447 885 4521 circumventus,
898 4461 930 4510 et
948 4451 977 4509 in
997 4449 1129 4528 periculo
1142 4449 1209 4510 uitae
1222 4447 1351 4512 maximo
