2967 5017
351 349 411 424 DE
427 357 543 464 MALE
562 357 698 421 GESTA
726 358 982 426 tudertum
1176 363 1217 424 ts
1281 395 1283 402 ι

131 620 917 776 SENATUSCONSUUUhphhiffismm
948 547 1199 738 RDFEREMTE

172 830 428 894 TESTIMONIA
454 831 740 986 GOLLEGghggJ'llI
766 831 823 894 DE
847 831 899 894 IIS
922 831 1018 904 QUAE
1044 831 1171 894 DICTA

164 1083 214 1144 ιι),
236 1079 397 1185 Postquam
412 1079 501 1158 igitur
513 1077 670 1156 legationis
689 1085 757 1138 acta
770 1075 847 1158 apud
864 1077 1004 1160 populum
1024 1098 1097 1158 expo
1099 1081 1222 1154 s,uimus

125 1171 267 1255 Ctesipho
281 1173 391 1252 primus
405 1171 480 1230 inter
493 1188 561 1239 uos,
575 1178 693 1248 propter
707 1179 835 1241 aetutem,
855 1189 922 1232 cum
936 1171 995 1232 alia
1015 1171 1098 1246 duit,
1112 1182 1172 1232 tum
1188 1193 1223 1237 cu

124 1283 193 1342 quaa
216 1263 347 1323 dicturos
370 1281 437 1321 esse
456 1280 521 1332 nus,
541 1279 610 1319 cum
631 1256 833 1320 Demosthene
854 1261 1069 1350 pepigeramus,
1089 1265 1159 1326 item
1184 1263 1223 1326 ds

124 1355 295 1422 affabilitate
315 1353 454 1432 Philippi,
471 1363 503 1413 et
515 1335 610 1412 forma
627 1355 702 1432 ejus,
715 1364 747 1412 et
759 1352 957 1415 dexteritate'
950 1371 979 1411 m
999 1345 1223 1432 compotatiuni·

123 1448 191 1506 bus.
227 1449 301 1507 Post
320 1448 410 1520 hunc
418 1465 498 1506 uum
520 1446 706 1508 Philocrates
724 1456 756 1511 et
777 1445 937 1528 Dercyllus
955 1466 1051 1528 pauco
1070 1448 1223 1522 disissent,

124 1559 183 1618 ego
196 1538 301 1617 prodii.
335 1539 478 1601 Recitatis
492 1550 589 1598 autem
603 1540 708 1599 ceteris
721 1538 874 1618 legationis
895 1541 977 1611 actis,
992 1539 1031 1598 ad
1051 1558 1116 1598 eam
1136 1541 1224 1602 etiam

124 1631 443 1705 commemorationem,
458 1653 524 1712 quse
535 1653 603 1692 eum
617 1633 740 1710 collegis
754 1631 824 1690 mihi
840 1642 1027 1706 convenerat,
1042 1652 1109 1691 curn
1124 1652 1225 1696 acces-

128 1725 244 1794 sissem,
282 1725 342 1783 dixi
369 1724 540 1806 Philippum
564 1724 729 1784 memoriter
759 1733 789 1782 et
824 1723 994 1803 eloquenter
1030 1719 1225 1804 respondisse.
1257 1769 1260 1778 ·

126 1819 233 1897 Neque
256 1817 365 1876 oblitus
385 1837 504 1896 precum
527 1815 736 1876 Demosthenis
758 1813 864 1895 adjeci
885 1817 910 1876 ei
929 1827 1027 1896 partes
1049 1817 1165 1878 dicendi
1187 1819 1224 1880 de

127 1911 298 1990 Amphipoli
312 1911 467 1990 attributas
488 1910 592 1980 luisse,
615 1911 640 1970 si
659 1909 731 1988 quid
750 1929 805 1970 uos
823 1911 1118 1988 pretermisissemus.
1153 1913 1227 1976 Post

126 2023 229 2064 omnes
243 2022 298 2064 nos
310 2014 474 2083 postremus
488 2003 582 2081 surgit
596 2001 825 2074 Demosthenes,
839 2013 869 2060 et
884 2003 978 2074 vultu,
992 2015 1025 2062 ut
1043 2003 1129 2078 solet,
1148 2025 1225 2086 prae·

127 2089 222 2172 stlglis
235 2092 333 2167 factis,
354 2105 444 2172 atqua
465 2094 562 2174 cupite
581 2093 730 2172 peririoto,
745 2113 819 2152 cnm
843 2093 985 2172 populum
1006 2095 1118 2156 videret
1130 2111 1226 2178 ¹gestu

124 2185 200 2245 dare
220 2185 347 2264 signum,
366 2197 398 2245 et
409 2203 505 2246 memo
526 2182 707 2264 approbirsse
726 2185 897 2256 orsu'ouem,
918 2195 1058 2264 utrosque
1077 2209 1110 2249 sa
1130 2191 1228 2251 m'uati

113 2277 213 2349 dixit
225 2289 287 2339 tum
301 2279 351 2356 qui
364 2276 509 2351 audirent,
528 2289 592 2336 tum
605 2279 662 2356 qui·
669 2276 847 2355 legationem
861 2278 1012 2351 obiissent,
1026 2281 1104 2360 quod
1118 2283 1226 2345 omisso

124 2377 271 2474 tempore,
285 2370 328 2428 illi
341 2369 534 2439 deliberandi,
543 2368 574 2428 hi
586 2370 618 2428 iu
628 2369 758 2428 medium
770 2368 954 2442 consulendi,
964 2391 1074 2431 morum
1084 2373 1227 2450 lucerent,

121 2460 215 2538 nugis
228 2460 389 2538 peregrinis
402 2461 535 2520 conteuti
547 2461 579 2518 in
598 2462 688 2520 rebus
701 2460 888 2529 domesticiut
910 2459 982 2522 nihil
999 2463 1078 2524 enisu
1099 2485 1168 2528 esse
1182 2467 1227 2530 sa·

128 2552 214 2611 cilius
217 2569 327 2630 ‚quum
341 2551 516 2630 legatIouem
532 2571 698 2610 recensere.
1005 2581 1008 2588 ·

128 2645 226 2701 ·21..
242 2644 462 2703 Demonstrabo
476 2653 587 2714 autem,
602 2641 707 2722 inquit,
726 2642 810 2702 vobis
812 2661 903 2722 ,quaa
916 2643 991 2703 ratio
1004 2605 1091 2724 hujus
1108 2649 1149 2708 rei
1163 2671 1251 2714 aue·
1352 2719 1357 2726 ,

126 2731 250 2794 debeat.
280 2737 326 2795 Ac
347 2734 435 2794 simul
448 2733 562 2794 recitari
580 2734 672 2814 jussit
688 2734 883 2813 plebiscitum.
916 2734 984 2802 Quo
996 2738 1130 2812 recitato,
1145 2742 1228 2818 disit,

125 2845 186 2886 uos
199 2827 307 2888 exhoc
322 2826 449 2906 ablegati
471 2845 583 2899 sumus,
605 2837 635 2885 ct
657 2845 724 2905 quoe
748 2826 796 2886 hic
818 2827 926 2904 scripta
947 2840 1025 2900 sunt,
1046 2848 1081 2890 ea
1102 2819 1245 2910 egium*

122 2920 217 2999 «Cape
235 2939 306 3000 ergo
320 2919 408 2980 etium
421 2918 530 2990 literas,
543 2937 647 2997 quasa
662 2917 799 2998 Philippo
812 2917 968 2980 afferimus.
1004 2921 1117 2990 Quibus
1131 2923 1228 3000 lectis,

128 3011 256 3086 habetis,
270 3012 374 3090 inquit,
385 3024 569 3092 responsum,
582 3020 674 3070 restat
686 3019 720 3069 ut
727 3009 903 3070 deliberetis.
925 3011 1060 3073 Excitatu
1070 3023 1167 3076 sutem
1181 3028 1228 3078 tu«

125 3106 237 3177 ‚multu
255 3107 292 3165 ab
310 3104 383 3174 aliis,
398 3104 478 3183 quod
498 3103 594 3162 brevis
613 3112 772 3174 etucutus,
785 3123 804 3162 a
816 3101 959 3182 pluribus,
980 3105 1058 3182 quod
1077 3107 1229 3186 improbus
1298 3153 1302 3162 .

124 3208 221 3277 -stque
234 3199 356 3258 luridus
363 3197 521 3268 videretur,
537 3196 635 3257 ridete
650 3215 737 3276 porro
754 3195 871 3274 (iuquit)
883 3205 994 3273 quanto
1012 3199 1188 3280 compendio
1201 3213 1232 3264 at
1247 3249 1253 3260 ι

132 3300 230 3350 cetera
247 3291 346 3350 omnia
362 3291 417 3348 sim
433 3289 665 3349 renunciaturos.
686 3287 777 3348 Visus
790 3297 836 3348 est
848 3289 984 3348 memoria
997 3289 1103 3362 velere,
1119 3299 1151 3352 et
1168 3293 1230 3354 elu-

126 3383 253 3462 ‹queutia
273 3382 425 3462 Philippus
441 3381 585 3441 AEschini
605 3380 680 3440 Mihi
693 3398 763 3439 vero
773 3397 836 3439 nou
849 3379 929 3441 item.
957 3379 1034 3440 Nam
1048 3381 1073 3441 sl
1086 3384 1152 3462 quis
1165 3387 1229 3448 ‹for-

128 3484 236 3533 ιιιιιιιιιι
249 3467 276 3533 ei
286 3473 454 3552 ademptam
466 3473 554 3532 alteri
565 3472 723 3533 tuhuerett
741 3471 767 3532 is
782 3491 841 3532 nou
850 3471 942 3530 multo
951 3483 1033 3532 esset
1041 3473 1090 3534 illo
1103 3475 1229 3540 inferior.

130 3567 224 3628 Misus
237 3579 282 3628 est
293 3566 479 3646 ctesiphonti
485 3564 641 3646 splendido
653 3583 720 3624 esse
728 3563 835 3625 vultui
856 3563 931 3623 Mihi
940 3565 1067 3624 voroillo
1077 3586 1134 3628 uon
1147 3568 1230 3632 dets-

128 3660 192 3720 rior
200 3661 402 3720 Aristodemus
412 3659 524 3731 histris),
534 3658 585 3737 qui
593 3667 701 3716 nostrae
709 3655 848 3736 legationi
858 3655 996 3742 interluit.
1012 3655 1229 3724 Memoriaeun

134 3753 311 3832 pollore‚·uit
322 3751 449 3831 uliquisl
470 3753 549 3810 Sunt
560 3759 593 3809 et
605 3750 664 3809 alii·
686 3748 831 3827 Egregius
846 3756 997 3827 computor
1009 3748 1087 3808 fuiti
1106 3751 1148 3812 Αι
1161 3753 1233 3814 Phia

129 3845 273 3916 lucratus,
286 3845 335 3922 qui
349 3845 502 3904 nobiscum
520 3841 585 3911 fuit,
603 3839 695 3919 lunge
704 3840 789 3899 illum
803 3847 930 3919 superat.
971 3837 1096 3901 Dicendi
1109 3843 1147 3903 de
1159 3846 1231 3906 ,Αιιι-

128 3937 247 4018 pld‘puli
260 3953 293 3996 se
304 3936 375 3995 mihi
385 3933 646 4013 reliquisselocum
653 3933 696 3991 ait
705 3930 829 4011 uliquisl
851 3932 896 3991 At
907 3951 962 3992 nec
972 3931 1055 3992 vobis
1069 3937 1232 4002 oratorius

135 4029 265 4090 dicendi·
276 4029 375 4088 locum
389 4027 483 4098 deret,
493 4045 548 4086 uec
560 4025 641 4084 mihi.
663 4023 778 4083 Verum·
787 4025 850 4083 Istue
864 4043 952 4102 nugae
965 4034 1043 4095 sunt,
1056 4025 1161 4104 inquit,
1174 4048 1232 4108 ῳ

130 4139 207 4182 uero
218 4121 370 4181 decremm
384 4119 520 4191 scribam,
533 4129 564 4176 et
583 4132 651 4176 cum
662 4115 886 4175 caduceatores
897 4115 1032 4195 Philippu
1045 4117 1133 4180 misso
1145 4120 1232 4182 iudu-

130 4217 198 4275 -oius
217 4213 334 4285 faciam,
348 4221 457 4272 etcum
471 4209 619 4270 mittendis
638 4209 698 4267 huc
711 4207 835 4286 legatis:
855 4209 990 4268 curiones
1012 4228 1097 4288 porro
1112 4211 1233 4290 jubebo,

135 4309 187 4367 ubl
201 4307 291 4384 legati
305 4304 446 4374 venerint,
459 4304 501 4361 eis
514 4301 596 4360 bidui
609 4299 780 4359 concionem
796 4318 968 4372 convocare,
980 4305 1039 4378 qua
1051 4301 1234 4378 deliberetis,

131 4399 243 4459 'nonde
252 4417 324 4477 pace
339 4399 465 4467 tuntum,x
477 4394 529 4454 scd
543 4393 629 4454 etium
643 4393 682 4452 de
696 4392 848 4462 societate,
861 4403 896 4452 et
907 4413 962 4452 nus
975 4394 1101 4472 legatos,
1113 4395 1138 4455 si
1152 4397 1234 4475 dIgui

18 4537 22 4546 .
137 4491 280 4562 videmur,
294 4489 423 4559 laudare,
434 4497 579 4547 sttooure
595 4486 634 4546 ud
646 4485 804 4549 uteuamiu
825 4485 934 4546 oudam
949 4485 979 4546 in
992 4487 1163 4548 crastiuum.
1193 4487 1234 4548 Ut
