2967 5017
419 267 638 332 intensus
659 233 965 372 stromateum.
1173 281 1239 338 ere

138 420 314 500 justiores,
333 439 421 504 qssm
439 427 553 507 nepotis
566 445 584 487 e
598 427 684 488 isstre
696 425 799 501 onem,
811 437 844 488 et
854 447 923 488 enm
933 427 985 509 qui
996 437 1045 489 est
1058 447 1096 488 es
1109 429 1169 490 siis
1187 431 1235 491 ie·

141 511 233 573 mdiu.
274 516 320 575 Ac
330 515 521 599 Theopompo
531 520 607 580 filins
621 520 822 580 Mncsrtstns:
847 520 1003 580 Eubulide
1015 531 1111 581 entem
1124 520 1234 602 Phyto·

142 605 257 668 meis·
271 608 345 688 titio,
361 611 413 688 qni
434 622 570 692 respectu
590 613 682 694 petris
704 612 835 691 Ptingn·
857 612 985 691 Παρία
1004 613 1145 692 putretis
1168 615 1235 688 fuit,

141 715 217 778 pner
235 699 283 760 hie
304 711 393 762 nutus
410 713 465 778 est,
480 701 605 784 lingniis
623 701 798 784 conjunctus
819 714 853 764 ut
871 705 949 764 iiiios
971 705 1108 784 petrusim
1127 706 1235 779 destris,

141 793 281 870 quonium
294 791 502 874 Phylomeche‚
517 809 609 858 meten
623 797 790 869 Eubulide,
802 806 835 858 et
846 797 978 868 Polemo,
997 808 1081 876 peter
1099 797 1237 876 Παρία,

140 883 249 951 Μῦς
269 885 389 948 sumunt
407 891 539 968 germani
560 901 591 950 et
602 890 716 950 uterini.
757 889 924 950 Mecsnsto
935 901 1044 964 mem,
1056 890 1118 976 63ίο
1136 892 1234 953 Tirso-

139 978 253 1057 ponem,
265 977 334 1038 nihii
349 981 543 1059 genitumst,
556 983 637 1062 quud
651 982 689 1042 sit
701 982 731 1042 in
744 981 854 1043 familie
866 983 953 1062 hujus
964 994 996 1043 et
1009 984 1118 1045 Strstii.

187 1071 216 1129 9r
236 1073 310 1138 Quoe
322 1089 390 1133 cum
404 1074 446 1134 ite
459 1073 528 1146 sint,
541 1093 632 1155 puero
651 1073 719 1134 huic
737 1093 846 1135 nomen
864 1085 911 1135 est
931 1091 972 1134 ex
992 1091 1093 1135 eornm
1115 1094 1235 1137 numero

141 1175 212 1242 qum
226 1163 339 1243 iegibus
349 1167 499 1246 jubentur,
512 1177 543 1227 et
556 1179 700 1246 qnatenus
718 1168 766 1228 lex
784 1167 1031 1249 propinquitatem
1050 1169 1170 1229 extendi
1187 1170 1236 1249 ju-

141 1253 210 1314 bete
229 1259 394 1318 consobrini
414 1259 491 1318 enim
510 1260 637 1338 Hsgsire
655 1259 731 1321 filius
745 1269 801 1332 est,
813 1269 896 1339 peter
907 1259 984 1319 enim
998 1260 1060 1340 ejus
1074 1260 1235 1320 Eubulides

141 1350 334 1410 consobrinus
352 1350 408 1410 iuit
431 1351 568 1431 iisguiee,
585 1353 670 1432 eujus
690 1361 737 1412 est
755 1351 922 1412 heredites.
964 1354 1007 1413 At
1019 1351 1235 1432 insopompns,

141 1439 407 1517 penetrauerat,
421 1443 572 1504 nuliumei
589 1463 695 1505 nornen
714 1443 781 1523 lege
797 1444 942 1508 sancitum
960 1445 1109 1524 imponere
1124 1443 1236 1524 potuis·
1283 1499 1290 1515 ,

140 1540 206 1591 set:
227 1551 264 1594 es
277 1535 335 1595 niis
347 1535 424 1594 enim
437 1536 493 1596 init
502 1533 649 1596 Strstiuna
662 1536 781 1596 semilis.
820 1535 926 1615 Neque
938 1554 1009 1595 vero
1021 1536 1168 1608 convenit,
1180 1537 1236 1595 Ju-

137 1621 234 1693 dices‚
249 1635 283 1684 ut
296 1627 450 1704 quisquam
460 1627 637 1700 mortalium,
651 1627 700 1705 qui
714 1629 754 1686 sit
764 1647 802 1686 ex
811 1627 995 1696 eliciumilis,
1008 1626 1133 1704 {tegete
1143 1627 1237 1686 heve·

136 1715 265 1776 ditarem
280 1718 395 1792 hebeat,
408 1720 477 1779 dnm
491 1721 595 1799 nliqniu
610 1719 788 1800 superduerit
803 1721 836 1781 in
850 1721 1008 1799 Hngniene
1019 1720 1237 1795 innitimini,

136 1816 194 1868 sut
205 1808 233 1866 vi
248 1827 414 1888 quenquam
427 1810 493 1870 inde
504 1811 610 1889 ejiciet,
624 1811 655 1870 id
668 1812 748 1888 quod
762 1811 810 1870 isti
824 1821 926 1890 egunt,
936 1831 1004 1872 cum
1017 1811 1076 1872 sint
1086 1822 1118 1872 et
1128 1832 1236 1891 genere

140 1901 313 1960 remotiores
336 1910 367 1960 et
380 1921 440 1961 non
457 1903 487 1960 in
509 1901 611 1962 eedem
632 1901 759 1964 familia:
779 1903 835 1961 hoe
848 1903 925 1962 enim
947 1902 1019 1961 iliud
1037 1913 1091 1975 est,
1105 1903 1236 1979 Judiees,

141 2011 202 2072 quo
215 1992 430 2073 Theopompus,
444 1991 598 2053 Macarteti
611 2001 704 2072 pater,
713 1992 810 2052 iucem
820 1993 972 2072 judicibus
985 1994 1065 2054 fecit.
1108 1995 1234 2064 Quinam

142 2084 230 2163 igitur
252 2086 386 2145 restent?
417 2085 478 2155 Qui
499 2085 598 2145 adhuc
619 2085 678 2144 sint
699 2085 729 2144 in
749 2085 877 2165 Hagnim
896 2085 1016 2158 familie,
1037 2085 1235 2167 Phylomsehe

140 2191 216 2236 uxor
228 2195 304 2250 mee,
318 2177 472 2238 Eubulide
486 2187 582 2238 eutem
597 2177 657 2236 fitia
668 2176 809 2256 patruelis
823 2177 960 2257 tinguite,
974 2186 1005 2237 et
1024 2176 1072 2237 hie
1092 2197 1174 2258 puer,
1190 2181 1235 2240 in-

141 2268 295 2330 troductus
317 2271 394 2331 filius
415 2269 445 2329 in
466 2269 602 2331 iemiliem
627 2269 832 2330 Eubulidoeem
852 2281 883 2330 et
903 2269 1102 2349 Hagnianem.
1141 2271 1236 2332 Theo·

139 2379 266 2442 pompus
276 2371 382 2435 eutem,
399 2362 555 2424 Mecerteti
567 2371 660 2444 peter,
674 2381 741 2422 cum
755 2380 792 2421 ex
806 2361 933 2440 Hegnioe
946 2362 1056 2422 familis
1069 2381 1130 2422 non
1144 2374 1234 2434 esset,

140 2453 255 2533 ingenti
266 2454 420 2516 mendacio
431 2456 546 2535 decepit
557 2453 575 2514 J
578 2454 679 2514 udices
689 2463 720 2513 et
732 2453 769 2512 de
784 2453 995 2534 Phylomeehe,
1008 2454 1175 2516 Polemonis
1187 2477 1236 2520 so·

140 2565 217 2618 rore,
237 2547 327 2606 emite
346 2546 479 2626 flegma,
499 2565 585 2626 quem
601 2555 722 2624 negaret
742 2564 807 2605 esse
825 2545 1004 2620 Polemonis,
1026 2546 1233 2626 166ςηί6616,

141 2657 311 2718 germanum
324 2648 355 2699 et
377 2639 517 2698 uterinum
538 2655 683 2705 sororem
704 2645 735 2696 et
754 2655 866 2707 rursus,
887 2628 955 2695 cum
970 2637 1096 2717 jactaret
1115 2659 1148 2699 se
1168 2657 1234 2700 esse

142 2729 269 2810 diognito
290 2730 438 2810 gentilem,
452 2732 502 2811 qui
522 2749 672 2810 nunquam
690 2727 754 2786 iuit.
796 2727 873 2786 Hoee
886 2747 956 2786 vero
967 2729 1174 2807 'I'neopemptrs
1185 2749 1234 2790 se·
1349 2793 1353 2806 ,

142 2821 215 2882 cure
228 2822 326 2882 omnia
337 2821 464 2894 dicebar,
478 2821 558 2882 nullo
572 2819 689 2901 quidem
704 2826 778 2878 teste
797 2816 936 2882 adhibito,
949 2817 999 2894 qui
1013 2819 1097 2876 nobis
1115 2818 1145 2876 in
1155 2819 1235 2897 judi·

141 2915 189 2975 cio
212 2915 353 2976 rationem
376 2914 527 2975 redderet:
550 2915 603 2975 sed
623 2912 703 2992 quod
725 2928 894 2970 assensores
911 2908 1039 2968 habebat
1059 2909 1163 2978 socios,
1184 2909 1234 2987 qui

142 3015 261 3068 mutuas
284 3007 438 3067 tradebant
456 3027 569 3087 operes,
591 3018 679 3085 etque
699 3003 774 3063 adeo
798 3001 943 3062 communi
966 3000 1088 3060 consilio
1107 3001 1235 3081 agebant

141 3102 252 3174 omnis,
266 3109 301 3160 ut
313 3100 454 3181 eriperent
468 3119 486 3160 e
499 3100 618 3162 muliere
631 3099 718 3178 hujus
728 3097 810 3176 pueri
823 3105 915 3189 matre
927 3093 1135 3167 hereditatem,
1145 3113 1234 3174 quem

143 3193 238 3256 eivos
253 3193 457 3256 decreveratis.

186 3289 233 3347 10.
255 3287 334 3350 Volo
353 3285 451 3365 igitur,
471 3282 602 3357 dedices,
624 3302 724 3344 eorum
742 3299 810 3361 quse
828 3279 888 3340 dixi
909 3275 989 3358 apud
1002 3297 1055 3338 vos
1070 3278 1233 3342 testimonie

142 3380 282 3462 proferre,
291 3389 326 3440 ut
334 3389 457 3450 constet,
469 3378 591 3458 primum
603 3375 724 3436 evicisse
733 3372 932 3433 heereditstem
944 3371 1070 3451 Hegniae
1079 3373 1234 3432 Eubulide)

143 3471 233 3532 filiurn
255 3470 495 3552 Phylomecham,
510 3488 616 3550 genere
635 3467 810 3548 proximem,
823 3476 891 3545 post
909 3464 948 3525 de
964 3465 1077 3524 creteris
1088 3464 1233 3525 omnibns.

146 3561 225 3644 Lege
239 3561 447 3624 testimonium.

529 3711 840 3776 TESTIMONIUM.

176 3835 303 3883 fumetur
314 3847 340 3883 se
351 3833 445 3883 stitisse
451 3833 511 3896 spud
518 3831 628 3881 trinitrem
635 3831 781 3894 Nicophemo
791 3834 958 3892 pretorem
965 3823 1235 3886 sumeretne-nete,

145 3910 270 3980 ssebslides
280 3910 336 3968 ntis,
348 3911 503 3958 hereditatem
514 3909 615 3971 aniss
625 3917 706 3958 contre
717 3921 797 3956 omnes
807 3907 847 3968 qni
857 3904 881 3952 si
890 3901 1068 3952 controversias
1079 3899 1201 3949 tedebat.

146 4023 189 4086 dc
210 4025 332 4085 evicisse
345 4023 585 4105 Phyiomecham‚
600 4021 755 4083 Eubulidae
768 4021 867 4093 filium,
880 4018 1081 4078 hereditatem
1095 4017 1234 4098 Hegnioe,

146 4117 279 4191 aedues,
294 4117 432 4187 Judices;
456 4118 542 4179 evicit
560 4127 656 4178 eutem
671 4116 754 4176 nuile
767 4115 900 4195 improbo
914 4123 1020 4172 conatu
1034 4122 1087 4172 ent
1099 4117 1234 4200 conjure·

144 4209 235 4286 tione,
246 4209 298 4271 sed
310 4231 376 4271 eum
388 4231 451 4282 nos,
463 4231 551 4291 quam
561 4209 788 4290 fierijustissime
801 4216 907 4288 potest,
921 4203 1158 4280 ostendissemus,
1169 4226 1234 4267 eam

145 4322 211 4366 esse
223 4323 333 4385 genere
345 4305 506 4385 proximem
520 4303 656 4385 Hogniae,
668 4303 752 4383 cujus
765 4311 812 4362 est
823 4298 990 4374 heredites,
1002 4299 1111 4382 quippe
1119 4320 1188 4380 qoee
1197 4299 1236 4360 sit

147 4396 285 4474 petruelis
306 4396 374 4471 elie,
393 4409 423 4460 et
438 4420 454 4459 e
471 4397 580 4458 inutilia
594 4395 729 4475 Hegeioe.
773 4394 804 4453 Si
820 4393 1001 4454 Mectrtetus
1014 4393 1103 4474 igitur
1120 4391 1235 4462 dixerit,

1151 4576 1161 4612 i
