2967 5017
264 345 307 407 as
386 307 392 318 ’
495 321 850 408 naustrasios
871 337 1128 422 marmana.

263 469 1376 572 mnaseas-eanmunamongmwomgsnm

264 589 424 652 aberrasse·
455 585 627 651 Nihileuim
640 585 783 664 ejusmodi
801 585 1079 646 saoommissurum.
1116 583 1158 643 Ut
1175 591 1277 644 antem
1295 603 1376 646 vera

264 699 314 740 me
326 679 422 740 dicere
431 687 557 750 conant,
570 678 668 758 ipsum
680 676 909 755 Aristophanem
921 687 1028 736 testem
1041 675 1211 754 producam.
1231 675 1374 739 Aocoese

264 770 488 850 erisophanem
502 769 684 849 Olynthium,
697 768 820 849 ejusque
833 768 1031 830 testimonium
1043 767 1146 840 recita,
1158 785 1209 828 eos
1222 768 1299 828 item
1314 768 1375 846 qui

264 863 323 924 hoc
341 863 442 925 esitio
455 861 641 934 audiverant,
653 860 783 940 mihique
796 855 981 934 nunciarunt,
1001 859 1172 940 Dercyllnm
1183 859 1323 922 Autoclie
1341 879 1374 920 r.

142 1009 147 1019 .
265 955 463 1036 unguntum,
476 964 508 1016 et
525 953 684 1016 Aristidem
698 951 892 1033 Euphiletir.
915 951 1148 1033 Cephisiensem.

570 1190 580 1203 ,
657 1131 964 1193 TESTIMONIUM.

262 1263 369 1346 ‘l'estes
372 1261 506 1341 jurantes
515 1253 870 1334 attestilicantesauditis,
880 1257 1007 1321 nefarias
1017 1269 1114 1320 autern
1124 1260 1195 1322 istas
1203 1261 1367 1322 verboram

263 1353 401 1429 technas,
414 1355 554 1434 quasiste
564 1352 799 1414 adolescentibus
809 1351 973 1435 pollicetur,
987 1352 1150 1434 quibusque
1162 1371 1244 1412 nunc
1258 1363 1368 1412 contra

262 1465 311 1508 sne
325 1457 370 1508 est
382 1449 503 1520 ebusus,
516 1447 648 1528 nunquid
662 1445 844 1517 meministis,
859 1457 891 1504 ut
911 1446 1023 1505 obortae
1041 1443 1139 1503 aintei
1158 1443 1309 1525 laerymoe‚
1331 1459 1368 1506 ut

262 1539 410 1600 Graeciam
431 1539 598 1620 deplorarit,
624 1549 658 1598 ut
684 1539 819 1618 Satyrum
849 1537 992 1598 comicum
1018 1535 1187 1596 histrionem
1215 1537 1366 1614 laudaret,

262 1633 344 1716 quod
353 1631 485 1712 hospites
500 1631 644 1712 quosdam
658 1651 727 1691 suos
741 1631 872 1711 captivos
886 1629 1031 1689 fodientes
1044 1629 1074 1687 in
1087 1627 1214 1708 Philippi
1224 1630 1323 1706 vinea,
1336 1641 1367 1691 et

262 1726 389 1806 pinctus,
407 1727 437 1784 in
457 1724 672 1804 compotatione
691 1722 858 1802 aPhilippo
875 1721 1077 1800 impetrasset:
1096 1719 1155 1781 hoc
1167 1722 1366 1783 fundamento

112 1817 117 1824 '
226 1876 229 1882 ,
256 1815 350 1895 jacto,
370 1816 487 1891 adjecit,
502 1825 643 1876 contenta
663 1825 752 1876 acuta
765 1815 822 1874 ista
835 1821 866 1874 et
882 1813 993 1872 nefaria
1011 1831 1093 1884 voce,
1113 1831 1201 1889 quam
1222 1817 1364 1875 acerbum

262 1908 313 1980 ait,
325 1925 394 1967 cum
407 1909 430 1967 is
443 1908 493 1987 qui
508 1907 649 1968 Curiones
668 1917 699 1968 et
710 1905 856 1967 Xanthiaa
871 1913 1071 1985 repraesentet,
1091 1905 1166 1964 adeo
1181 1925 1363 1984 generosum

263 2009 294 2060 et
307 2001 525 2079 magnanimum
539 2021 571 2060 se
586 1999 751 2080 praebuerit,
766 2019 813 2058 me
826 1997 877 2076 qui
891 1999 945 2058 sim
965 1999 1028 2056 urbi
1043 1998 1175 2057 maximae
1187 2017 1205 2057 a
1219 1999 1363 2075 consiliis,

263 2086 314 2171 riui
327 2093 394 2152 illos
409 2111 444 2154 x.
459 2111 494 2151 ss.
520 2092 650 2151 Arcadas
669 2093 854 2162 admoneam,
875 2089 1068 2170 petulantiam
1088 2109 1182 2148 meam
1199 2109 1259 2150 non
1278 2112 1363 2152 coer·

261 2185 370 2259 edisse,
381 2185 434 2243 sed
448 2184 545 2245 calore
555 2193 700 2257 evectum,
713 2203 779 2245 cunr
790 2183 845 2243 nos
856 2183 974 2262 quidam
988 2201 1025 2241 ex
1039 2179 1166 2260 Philippi
1181 2183 1282 2243 amieis
1298 2185 1359 2244 Xe-

258 2275 394 2336 nodocus
406 2276 538 2337 convivio
552 2277 725 2355 excepisset,
743 2275 856 2356 capillis
880 2276 1013 2347 traxisse,
1035 2281 1066 2332 et
1085 2273 1154 2333 loris
1168 2275 1292 2354 arreptis
1305 2296 1359 2337 ca·

259 2369 368 2448 ptivam
381 2365 533 2427 mulierem
546 2367 733 2449 flagellasset
755 2367 849 2445 igitur
863 2367 888 2426 si
904 2387 955 2426 vos
972 2369 999 2426 ei
1019 2363 1227 2438 credidissetis,
1242 2378 1273 2426 et
1288 2369 1358 2428 Ari-
1470 2441 1471 2450 ἦ

259 2457 417 2536 stophanes
434 2477 496 2516 ana
508 2477 576 2517 cum
590 2477 626 2516 eo
638 2477 686 2516 me
703 2475 757 2536 per
777 2457 961 2518 mendacium
982 2457 1187 2536 oppressisset,
1212 2461 1250 2534 ob
1271 2469 1359 2542 turpe

258 2547 371 2609 'crimen
380 2546 447 2627 jure
459 2547 622 2627 periissem.
655 2547 764 2608 Sinetis
777 2547 865 2629 igitur
878 2569 944 2609 cunr
966 2549 1016 2629 qui
1029 2549 1096 2610 talis
1110 2546 1246 2611 ait'meus
1259 2553 1360 2616 malus

259 2641 365 2722 g‘enim
382 2638 472 2718 (absit
484 2640 561 2699 enim
576 2639 609 2700 u't
621 2637 705 2700 vohis
719 2641 779 2714 sit),
796 2641 908 2714 sinetis,
921 2641 1051 2720 inquam,
1069 2643 1179 2702 versari
1192 2644 1266 2704 inter
1278 2645 1363 2706 vos?

260 2733 306 2810 ‘Ac
324 2732 494 2792 concionem
508 2729 627 2810 quidem
639 2731 810 2801 lustrabitis,
826 2732 856 2790 in
872 2731 996 2793 decretis
1011 2743 1110 2794 autem
1121 2744 1191 2794 vota
1203 2757 1254 2814 per
1265 2737 1359 2800 istum

259 2821 396 2885 iacietisl
416 2823 458 2883 m
476 2823 634 2883 exercitum
656 2823 718 2883 sire
739 2824 904 2904 pedestrem
926 2825 986 2884 sive
1006 2825 1139 2887 navalem
1160 2827 1361 2910 ablegabitisl

259 2915 351 2998 Atqui
364 2915 514 2976 Hesiodus
529 2915 588 2995 ait:
725 2908 733 2920 ⁶
1122 2911 1126 2918 ’

486 3047 554 3108 Seps
565 3043 611 3092 sirl
622 3059 679 3108 gens
688 3049 737 3092 tots
748 3042 793 3093 luit
804 3043 883 3091 scelus
894 3043 961 3091 nnius
973 3052 1049 3104 atrox,

487 3121 535 3179 Qui
545 3134 652 3183 preceps
662 3121 737 3183 egitur
745 3119 804 3178 mels
817 3120 867 3168 ssni
878 3121 980 3182 pectoris
991 3127 1058 3168 estu.

300 3247 352 3310 50.
373 3243 473 3306 Unum
486 3245 584 3307 adhue
593 3244 793 3321 superioribus
806 3243 952 3321 adiiciam.
983 3244 1061 3306 Nam
1071 3246 1163 3325 siqua
1171 3257 1218 3308 cst
1226 3250 1257 3310 in
1267 3251 1358 3314 rebus

160 3389 173 3404 .
258 3336 393 3399 manis
405 3335 587 3412 improbitas,
603 3334 687 3414 cujus
704 3353 761 3414 ego
784 3355 843 3399 non
857 3336 1016 3416 principem
1038 3357 1104 3400 esse
1121 3340 1358 3406 Demosthenem

257 3429 470 3496 monstraro,
484 3425 557 3486 mori
568 3445 629 3488 noa
645 3445 763 3488 recuro.
785 3428 846 3490 Sed
859 3428 955 3490 multis
971 3449 1037 3490 reus
1050 3429 1271 3500 difficultau'hus
1281 3453 1356 3496 cors-

257 3521 396 3591 dietatur,
405 3517 622 3579 etsnimumeb
630 3519 674 3581 ira
681 3519 844 3598 periculum
853 3519 890 3580 ad
899 3521 1003 3586 salutis
1012 3522 1358 3601 revooatdelensioaem:

258 3631 295 3677 aa
308 3611 451 3691 dispicere
464 3609 561 3691 jubet,
572 3628 610 3672 ne
622 3611 716 3673 ullum
729 3611 927 3674 accusationis
941 3623 1031 3693 caput
1042 3615 1268 3692 pretermiserit.
1294 3619 1357 3678 lta-

258 3721 317 3784 que
336 3701 423 3774 simul
436 3712 468 3764 et
479 3703 562 3765 robis
576 3713 606 3764 et
619 3703 689 3764 mihi
701 3703 822 3780 objectu
834 3703 954 3764 erimina
972 3705 1001 3764 in
1016 3705 1183 3769 memoriam
1195 3709 1356 3789 revoepbo.

179 3813 186 3826 ¹
258 3795 453 3859 Cacumen
467 3794 560 3873 ,igitur
579 3795 707 3875 singula,
724 3789 935 3870 Athenienses,
952 3817 1015 3878 quo
1027 3797 1146 3860 deoreto
1166 3819 1223 3879 ego
1241 3803 1355 3882 scripto

256 3900 392 3962 mures,
405 3897 458 3949 ast
477 3905 537 3966 qus
548 3888 614 3965 lege
627 3889 778 3966 abrogata.
797 3899 850 3948 aut
863 3907 921 3966 qua
936 3889 1079 3968 impedita
1094 3907 1155 3968 quo
1174 3892 1271 3964 minua
1286 3913 1355 3973 per.

256 3979 391 4049 serretur,
403 3979 570 4057 autquihus
583 3978 766 4056 pactionibus
779 3997 831 4058 pro
845 3979 995 4059 republica
1006 3981 1104 4053 sactis,
1118 3991 1170 4047 aut
1181 3984 1287 4061 quihus
1300 3986 1355 4050 de-

256 4071 345 4133 cretis
364 4069 403 4131 de
416 4069 620 4148 paae‘deletis,
639 4069 810 4148 autquibus
823 4087 889 4148 qum
908 4071 990 4132 vobis
1009 4075 1273 4152 pronuntiemur,
1291 4066 1354 4148 nois

257 4161 435 4242 adseripu'sl
454 4160 524 4222 Non
542 4161 680 4240 placebat
695 4179 756 4240 pax
768 4161 945 4240 quibusdam
961 4175 1122 4226 oratorun.'
1156 4165 1262 4230 Nonne
1281 4156 1354 4232 vero

256 4265 320 4317 urm
341 4253 490 4332 refragan,
503 4263 563 4317 non
575 4272 653 4318 nunc
666 4273 715 4314 me
731 4273 873 4333 accusare
892 4255 1076 4317 debueruntl
1096 4257 1354 4340 Ditabanmrqui-

255 4343 573 4429 dsmhellodevestria
581 4345 1084 4426 tributisetpublicisrectigalibus.
1103 4352 1352 4422 ¹Quorummessis

255 4455 337 4502 nuuc
346 4433 445 4496 desit.
479 4435 544 4498 Pas
555 4437 635 4500 enisa
650 4435 743 4510 otium
760 4455 819 4504 nou
834 4437 897 4500 sliu
925 4437 951 4500 li
963 4457 1036 4520 erga
1047 4441 1102 4520 *qui
1116 4461 1177 4508 non
1191 4437 1350 4518 industri,
