2967 5017
263 304 321 365 768
566 301 740 363 CONTRA
760 302 1048 368 carucarum.

262 467 317 531 est,
339 466 373 518 ut
391 478 427 519 ea
447 458 558 521 mulcta
586 479 684 541 usqum
707 460 878 532 solveretur,
901 478 997 538 neque
1019 459 1050 518 iu
1071 476 1172 520 urceus
1191 456 1364 534 referretur,

263 570 351 633 quatu
374 550 553 613 'lheocriues
576 572 656 613 nunc
679 554 782 633 opinor
802 552 987 613 nihilomiuus
1011 571 1048 611 ex
1068 550 1133 629 lege
1146 548 1245 610 debet
1286 547 1361 609 Non

263 644 351 715 enim,
366 644 391 703 si
402 644 545 705 ctesicles
558 645 716 725 inquilinus
731 646 786 707 iste
799 644 987 717 concesserit,
1001 644 1151 723 improbus
1164 642 1308 722 improbo,
1317 660 1362 703 ne
1474 642 1475 645 ’

262 735 394 797 tradatur
416 738 599 797 exactoribus
621 736 655 811 is,
668 739 717 817 qui
740 736 806 817 lege
831 736 870 798 sit
889 737 1054 807 damnatus,
1077 744 1229 817 propterea
1254 734 1364 795 civitas

262 826 427 891 fraudanda
440 837 486 889 est
499 830 625 903 mulctis,
644 830 791 910 alegibns
809 830 960 911 irrogatis:
983 830 1037 889 sed
1059 828 1147 889 decet
1167 826 1362 897 advenerim,
1474 826 1475 909 q

263 923 294 985 in
307 922 427 1004 privatis
440 922 639 983 contractibus
650 925 725 989 inter
738 941 772 984 se
786 922 944 1002 damigero
958 922 1100 983 arbitratu
1110 940 1175 992 suo,
1187 920 1217 979 in
1231 916 1363 998 puhlicis

262 1034 332 1075 vero
346 1015 471 1095 negotiis
484 1034 586 1094 parere
604 1015 729 1096 legibus.
770 1018 815 1077 Ac
828 1013 1119 1096 legemmihirecita,
1131 1032 1199 1093 quaa
1208 1013 1294 1093 jubet
1310 1030 1362 1073 se·
1474 1070 1475 1089 ,

263 1108 381 1169 inissem
396 1108 595 1169 aestimationis
608 1108 714 1170 debere
728 1110 856 1189 publico,
866 1128 933 1170 eum
947 1108 999 1188 qui
1012 1128 1064 1189 per
1077 1106 1213 1187 injuriam
1227 1124 1362 1165 asserere

263 1202 294 1262 in
307 1200 469 1262 libertatem
479 1200 622 1274 videatur,
634 1212 665 1263 et
676 1201 869 1283 Cephisodoti
881 1201 1090 1263 testimoninm.

587 1406 675 1491 sax.
716 1432 1023 1494 rcsrrnoururr.

264 1572 349 1635 lllam
371 1574 457 1633 etiarn
476 1574 573 1653 legem
594 1574 695 1647 recita,
714 1594 781 1653 quse
804 1577 842 1637 ab
865 1596 902 1637 ea
922 1576 970 1636 die
991 1573 1099 1635 debere
1117 1574 1214 1653 jubet,
1235 1596 1294 1655 qua
1318 1578 1362 1637 sit

263 1666 428 1737 damnatos,
444 1665 504 1726 sive
524 1667 662 1747 inscripta
683 1667 806 1740 mulcta,
817 1666 877 1729 siue
889 1688 948 1727 non
963 1667 1102 1747 inscripta
1116 1665 1163 1727 sit.

766 1884 855 1943 LEX.

304 2028 333 2085 6.
355 2028 423 2091 Quo
437 2026 524 2104 igitur
538 2026 596 2085 alio
609 2020 706 2105 pacto,
720 2024 854 2094 Judices,
867 2043 953 2101 aequo
966 2025 1130 2084 accusatori
1143 2022 1360 2085 ostendendum
1474 2030 1475 2049 ³

265 2126 319 2188 est,
343 2117 532 2177 'lireocrinem
554 2126 631 2177 recte
654 2136 719 2177 esse
744 2117 887 2187 delatum,
900 2136 955 2177 nec
973 2126 1091 2195 propter
1110 2118 1189 2177 mille
1204 2116 1361 2177 drachmas
1474 2158 1475 2175 1

263 2208 417 2282 duntaxat,
431 2212 468 2269 ob
487 2228 561 2289 quas
580 2208 695 2269 delatus
715 2219 772 2281 est,
793 2208 887 2269 teneri
907 2209 1064 2280 delatione,
1078 2210 1131 2269 sed
1151 2208 1251 2269 multis
1271 2208 1360 2270 οῐίιω

178 2359 181 2367 ,
264 2301 329 2362 aliis
342 2303 514 2363 obstrictum
534 2322 599 2363 esse
620 2301 758 2362 mulctis?
778 2300 922 2378 Equidem
944 2300 1003 2360 alio
1026 2300 1106 2361 nullo
1126 2309 1208 2379 puto.
1251 2300 1361 2382 Neque
1474 2364 1475 2373 ἶ

262 2394 340 2452 enim
352 2394 580 2473 exspectandum
590 2395 722 2475 profecto
734 2402 790 2463 est,
804 2392 874 2452 dum
887 2393 950 2472 ipse
959 2391 1137 2451 ‘lheocrines
1147 2392 1250 2452 erano
1261 2404 1361 2453 vestro

262 2504 293 2545 se
317 2485 425 2545 debere
445 2486 581 2558 fateatur,
598 2496 628 2547 et
646 2490 712 2563 jure
737 2486 867 2546 delatum
890 2504 957 2545 esse
979 2485 1075 2544 dicat:
1099 2485 1157 2544 imo
1180 2486 1361 2545 contrarium
1474 2486 1475 2495 ’

262 2578 323 2651 liet,
339 2578 453 2657 quidvis
475 2578 554 2640 dicet
574 2578 681 2659 potius,
694 2580 812 2659 quasvis
837 2578 1051 2639 criminationes
1068 2577 1206 2659 proferet,
1220 2599 1252 2638 se
1273 2579 1362 2639 facti-

262 2670 368 2731 onibus
392 2671 524 2752 opprimi,
546 2682 715 2753 eapropter
738 2671 837 2752 legum
861 2672 1061 2733 defensionem
1076 2672 1215 2751 exagitari
1238 2672 1362 2751 quirita-

268 2762 358 2829 hitur.
401 2764 477 2824 Nam
501 2766 551 2845 qui
564 2784 684 2826 causam
700 2768 790 2846 ipsam
806 2766 878 2826 tueri
900 2776 1060 2844 nequeunt,
1078 2765 1136 2825 hoc
1153 2764 1295 2844 reliquum
1306 2764 1362 2826 ha·

262 2858 345 2931 bent,
365 2867 399 2916 ut
424 2856 543 2938 effugia,
562 2870 597 2919 ut
617 2878 722 2920 causas
748 2860 910 2939 quaeritent,
933 2879 1009 2937 qnae,
1024 2871 1123 2938 erepta
1143 2852 1235 2937 ipsius
1260 2876 1363 2918 caussa

265 2950 477 3026 recordatione,
501 2953 531 3011 in
545 2954 580 3013 iis
593 2972 646 3011 ros
667 2953 820 3012 detineant
831 2971 897 3029 quoe
910 2952 948 3011 sd
967 2952 1058 3031 ipsam
1072 2970 1191 3012 causam
1205 2951 1277 3010 nihil
1291 2952 1363 3011 atti·

264 3030 361 3109 nent(
388 3044 453 3123 Ego
466 3064 544 3116 vero,
565 3044 695 3113 Judices,
717 3044 740 3101 si
764 3043 793 3101 in
811 3042 926 3121 legibus
945 3064 1011 3121 quae
1025 3044 1110 3103 lectae
1125 3053 1204 3114 sunt,
1219 3024 1362 3123 scriptum

264 3134 404 3207 viderem,
425 3136 476 3195 illa
487 3156 555 3214 quae
569 3136 606 3195 dc
620 3134 879 3195 calumniatoribus
893 3137 1006 3197 sancita
1018 3147 1097 3207 sunt,
1110 3137 1152 3197 ita
1163 3137 1282 3197 demum
1296 3148 1364 3199 rata

264 3225 410 3298 habenda,
426 3228 451 3287 si
464 3226 641 3288 Theocrines
660 3228 787 3301 delatus,
802 3247 898 3307 neque
911 3229 1125 3309 Thucydidem,
1141 3249 1235 3310 neque
1248 3229 1365 3291 Demo-

264 3317 406 3391 sthenem,
424 3319 624 3398 neqne'alium
636 3321 801 3401 quempiam
817 3331 980 3381 versantem
995 3323 1024 3380 in
1045 3322 1195 3402 republica
1207 3321 1299 3381 virum
1314 3320 1363 3383 in·
1461 3368 1465 3373 -

264 3420 392 3481 cnseret,
416 3412 609 3491 quievissem:
644 3432 723 3474 nunc
750 3414 974 3474 excusationum
995 3414 1108 3474 illarum
1127 3414 1237 3475 nullam
1260 3416 1307 3475 vel
1329 3417 1362 3475 iu

264 3502 380 3583 legibus
400 3504 539 3565 momenti
557 3505 666 3567 habere
684 3506 770 3568 rideo
789 3508 958 3588 quicquam,
972 3508 1018 3568 rel
1033 3528 1097 3568 esse
1110 3528 1227 3581 noram,
1241 3518 1274 3567 ut
1292 3517 1361 3568 tan·

263 3614 353 3677 quam
375 3599 505 3659 inaudito
526 3600 770 3661 auscultationem
785 3614 941 3675 mereatur,
955 3603 1009 3662 sed
1028 3601 1192 3681 singulasa
1209 3601 1269 3660 reis
1292 3621 1361 3661 sex-

263 3694 375 3755 centies
388 3694 558 3756 inculcatas.
601 3696 698 3773 Atque
719 3695 839 3763 etiams
853 3696 1015 3757 senioribus
1033 3696 1132 3768 audio,
1151 3693 1284 3768 Judices,
1297 3695 1360 3755 vio-

264 3786 350 3848 latori
371 3788 470 3868 legum
492 3788 701 3849 nihilomnino
724 3788 862 3867 cuiquam
885 3808 953 3850 esse
973 3789 1068 3850 venias
1089 3788 1293 3849 tribuendum:
1313 3788 1361 3849 sin

264 3880 412 3961 quippiam
433 3883 509 3943 tone
529 3882 577 3957 sit,
599 3900 660 3943 uon
684 3883 866 3943 continenter
893 3882 1041 3963 improbis,
1064 3892 1182 3962 propter
1207 3879 1361 3941 sordidum

263 3983 406 4051 quaestum
421 3972 502 4055 leges
523 3970 893 4054 aspernantibus—nisque
916 3974 993 4035 enim
1014 3972 1060 4033 fas
1080 3972 1242 4034 esta-sed
1259 3972 1295 4033 iis
1308 3973 1362 4052 qui

264 4084 300 4123 ex
313 4066 457 4145 imperitia
470 4085 565 4127 rarum
582 4066 704 4147 scriptas
727 4065 836 4126 alicubi
856 4066 940 4145 leges
962 4066 1043 4127 inviti
1061 4064 1266 4146 neglexerinta
1284 4084 1361 4144 quo-

263 4174 328 4215 rum
341 4156 427 4217 istum
442 4178 505 4219 esse
518 4158 720 4229 Theocriuem,
735 4175 822 4217 neruo
835 4157 950 4231 dixerit,
964 4169 1124 4237 contraque
1139 4157 1169 4216 in
1182 4157 1280 4236 legum
1295 4174 1359 4215 om·

263 4246 344 4306 nium
366 4251 532 4330 cognitione
553 4250 793 4311 versatissimum.
834 4251 934 4318 Quare
957 4250 1105 4311 cavendus
1120 4262 1173 4322 est,
1196 4269 1292 4329 neque
1313 4249 1360 4309 rel

264 4338 304 4401 ad
328 4359 402 4414 mea,
416 4342 462 4402 vel
487 4344 551 4423 ejus
574 4346 663 4405 verba
677 4344 901 4425 respiciendum.
944 4342 1050 4424 Neque
1068 4342 1145 4403 enirn
1164 4362 1281 4422 aequum
1302 4352 1360 4413 est,

265 4442 298 4493 ut
316 4432 365 4513 qui
389 4452 441 4512 pro
465 4434 563 4515 legum
582 4436 753 4498 defensione
771 4435 889 4510 adsunt,
903 4434 1024 4517 prolixis
1039 4434 1144 4495 fabulis
1157 4444 1187 4495 et
1200 4432 1361 4530 crimhmtif
