2967 5017
243 333 303 395 620
516 321 740 394 ADVERSUS
762 323 1063 433 ΜᾉΟΑΒΤΑΤΠΜ.

243 489 313 548 tiam
326 487 435 548 habent
445 508 503 549 uon
518 489 603 549 nobis
617 489 670 550 sed
685 489 822 561 fortune,
831 489 913 568 quod
923 488 1024 549 multo
1032 497 1064 548 et
1077 485 1251 546 necessari·
1263 483 1342 546 dils-

245 581 340 642 tioues
352 580 467 641 iuterim
480 580 656 654 inciderunt,
670 592 705 642 ut
717 601 797 642 nunc
810 583 929 643 demum
941 582 980 642 de
992 582 1035 642 eis
1050 579 1206 641 nobiscum
1218 587 1345 645 certent.

288 673 336 732 16.
357 672 409 732 Isti
423 683 520 734 eutem
534 674 608 735 teies
620 675 754 736 homines
768 686 848 746 suut,
860 676 993 746 Judices,
1002 686 1036 734 ut
1045 674 1118 734 nihil
1126 682 1238 744 curent,
1246 692 1345 752 neque

246 765 387 825 fsnrtlinm
401 767 528 846 Hegniae
541 767 715 839 desolutum,
728 787 824 847 noque
836 777 954 837 cotem
966 769 997 826 in
1009 766 1115 846 quibus
1125 765 1209 845 leges
1220 765 1345 827 violent

247 858 305 927 Qui
335 857 462 938 quidem,
483 860 555 940 proh
582 860 682 920 dirum
708 859 917 940 hominumque
944 858 1197 938 tidem,-reliqun
1225 862 1346 918 notre&

248 969 386 1030 quorsum
402 951 558 1012 attineret?
584 951 676 1012 multo
693 953 773 1012 enirn
791 952 849 1013 dici
871 962 1031 1032 queunt-‚
1051 967 1144 1011 unum
1166 950 1292 1010 maxime
1313 960 1346 1010 et

247 1042 389 1115 nefarium
403 1054 434 1104 et
447 1044 561 1125 legibus
584 1047 761 1110 contrarium
780 1043 898 1106 fucinus
916 1053 1131 1125 perpetrarunt,
1153 1061 1213 1120 quo
1226 1041 1347 1122 potissi-

246 1155 328 1196 muru
340 1136 543 1211 ostenderunt,
561 1137 616 1197 ribi
629 1137 697 1196 nihil
712 1137 793 1197 eliud
807 1158 874 1198 ense
887 1156 965 1198 curoe
985 1136 1039 1197 nisi
1057 1135 1224 1215 pecuniam.
1265 1135 1346 1194 Num

248 1247 316 1288 curn
335 1227 461 1308 primum
476 1227 689 1310 'Theopompus
712 1230 867 1290 nobiscum
887 1231 925 1290 de
947 1228 1119 1290 hoereditnte
1141 1227 1269 1307 Hagnioe
1297 1227 1346 1287 di-

249 1331 407 1401 sceptaret,
421 1341 457 1384 eo
470 1323 569 1394 modo,
584 1343 670 1403 quern
686 1323 820 1394 audistis,
835 1323 933 1384 stetim
943 1322 1103 1384 declaravit
1116 1321 1280 1384 existimare
1297 1339 1346 1392 se,

247 1415 343 1476 nliena
355 1435 388 1476 se
401 1435 554 1496 occupare.
597 1415 685 1484 Quod
706 1417 785 1476 enim
798 1417 917 1474 maximi
930 1425 993 1476 eret
1005 1416 1089 1494 pretii
1107 1415 1137 1473 in
1150 1413 1267 1494 proediis
1281 1413 1346 1473 Hu-

247 1509 334 1586 gnioe,
346 1518 377 1568 et
392 1503 526 1568 maximin
538 1507 720 1569 admirationi
739 1518 803 1568 erut
820 1505 923 1568 vicinis
936 1519 967 1567 et
980 1507 1044 1567 nliis
1061 1507 1239 1578 hominibus,
1258 1505 1343 1577 olene,

245 1619 297 1660 eus
312 1597 479 1661 effoderunt
494 1613 524 1660 et
541 1600 737 1681 exstirparunt
749 1601 875 1680 smpiius
887 1599 973 1686 ¹rrriiie
986 1600 1104 1678 stirpes,
1119 1618 1186 1681 quse
1206 1617 1344 1677 maguum

247 1692 304 1753 olei
316 1692 431 1772 copiam
442 1689 609 1766 efferebant,
619 1711 668 1754 ens
681 1695 730 1754 isti
744 1693 918 1773 exstirpatus
928 1692 1161 1753 vendideruntet
1172 1691 1346 1751 immensum

247 1784 359 1864 'argenti
369 1784 484 1864 copieru
495 1794 680 1871 rfceperunt,
694 1804 787 1866 enque
801 1784 933 1844 fecerunt
945 1784 1080 1857 iaticum
1095 1782 1204 1844 actioni
1217 1782 1347 1842 obnoxio

247 1887 328 1938 esset
338 1876 496 1937 hoereditns
510 1875 639 1955 Hngniae
653 1896 688 1936 ex
700 1895 736 1936 ea
749 1877 825 1954 iege,
840 1895 898 1953 quo
908 1875 957 1934 isti
975 1876 1040 1934 freti
1054 1885 1175 1933 matrem
1189 1873 1278 1952 hujus
1292 1891 1346 1933 nc-

246 1986 392 2035 curarunt.
435 1970 476 2029 Ut
496 1983 595 2030 nutem
609 1988 656 2027 ruo
669 1987 739 2026 reru
757 1967 853 2026 dicere
868 1975 1018 2044 appareat,
1030 1975 1061 2023 et
1077 1966 1150 2022 istos
1165 1963 1349 2040 exstirpasse

247 2066 328 2126 olens
350 2071 468 2123 constet
488 2079 526 2120 ex
547 2060 583 2118 iis
601 2058 718 2138 proediis
740 2077 808 2135 quae
827 2056 960 2137 Hugnies
978 2055 1105 2137 reliquit,
1126 2057 1228 2114 lroruru
1252 2065 1348 2117 testes

247 2159 329 2217 robis
350 2153 547 2236 producemus
562 2151 684 2225 ricinos,
704 2161 735 2211 et
757 2169 794 2210 ex
817 2152 930 2223 ceteris
950 2170 1024 2230 quos
1042 2151 1258 2223 accersivimus,
1273 2170 1346 2211 curn

247 2247 478 2312 testificaremur.
521 2245 626 2305 Recito
639 2241 849 2304 testimonium.

640 2420 947 2485 TESTiMONIUM.

281 2547 403 2598 Testnutur
419 2561 445 2594 se
460 2559 554 2593 securos
575 2543 702 2592 recensitos
719 2559 734 2592 s
751 2543 858 2594 Sosithco
872 2547 903 2594 sd
915 2547 1039 2608 Arupirsus
1055 2546 1079 2594 iu
1090 2531 1189 2608 Hsgnioe
1200 2561 1277 2608 egros,
1287 2561 1344 2594 curn

250 2623 415 2687 ’lucopourpus
426 2621 528 2684 Hnguiss
538 2621 697 2669 herediutsru
707 2621 830 2680 orerimt,
841 2628 866 2671 ct
878 2622 924 2672 sibi
935 2623 1065 2672 ostendisse
1076 2625 1207 2672 Sositheus·
1214 2625 1278 2672 uicus
1285 2624 1344 2673 dum

178 2767 183 2778 ·
249 2701 435 2764 exstirpsrestnr
444 2714 476 2748 ex
488 2698 588 2762 Hsgniae
600 2713 664 2761 ugro-

249 2817 338 2886 Quod
349 2819 382 2892 si,
396 2817 415 2877 J
418 2817 527 2888 udices,
541 2813 636 2875 solum
651 2815 680 2874 in
694 2813 863 2876 defunctum
881 2815 977 2896 injurii
986 2815 1120 2886 fuissent,
1135 2812 1260 2893 graviter
1271 2787 1343 2894 pec·

250 2922 378 2984 cessent,
393 2909 517 2972 sednon
531 2905 625 2968 adeo:
649 2927 729 2968 nuuc
745 2908 810 2968 istse
832 2907 945 2986 injuriee‘
958 2915 989 2966 et
1000 2907 1184 2967 contumeliae
1197 2907 1235 2966 ed
1247 2917 1346 2967 totarn'

249 3007 382 3085 rempub.
396 3001 551 3085 pertinent.
580 2999 672 3076 quue
691 2997 731 3057 ite
744 3018 808 3059 esse
822 2998 888 3078 lege
900 2997 1001 3059 audita
1015 2999 1209 3078 cognoscetis.
1225 2997 1346 3059 ,Recita

246 3099 354 3178 legem.

750 3238 843 3300 LEX.

281 3355 308 3404 Si
314 3355 366 3418 quis
378 3355 452 3404 oiesru
460 3355 557 3406 Athenis
568 3355 684 3412 effoderit,
695 3356 740 3404 nisi
750 3357 779 3404 sd
789 3356 900 3418 tenplum
910 3355 1087 3405 Atheniensium
1094 3355 1212 3418 publicoru
1219 3361 1258 3403 sut
1267 3355 1344 3404 runni-

249 3432 325 3496 eipsio
339 3433 478 3494 requiretur,
485 3433 510 3480 iu
527 3449 581 3482 snos
598 3449 655 3481 usus
668 3427 742 3496 usque
752 3434 782 3481 sd
796 3433 862 3481 binus
872 3434 936 3481 olens
947 3433 1077 3496 quemuis,
1084 3432 1129 3480 uisi
1140 3433 1169 3480 nd
1179 3433 1248 3480 funus
1258 3430 1343 3480 iisdem

249 3511 359 3558 utendum
371 3508 410 3566 sit,
420 3516 530 3558 centenus
540 3511 571 3559 dc
582 3510 679 3572 siugulis
690 3510 749 3558 oleis
760 3510 882 3558 dnohum
897 3511 979 3558 aertrio
989 3510 1073 3558 dobeto
1079 3527 1087 3572 3
1103 3515 1172 3571 atque
1187 3511 1237 3572 ojus
1248 3509 1344 3556 mulot-

249 3585 347 3634 deoirnoe
359 3585 471 3633 Minerua
483 3592 559 3633 sunto.
583 3587 675 3633 Dobeto
686 3593 710 3632 et
720 3585 807 3633 homiui
818 3585 944 3647 prirsto,s
957 3601 1004 3648 quo
1016 3602 1070 3634 rcus
1085 3594 1194 3647 pernotus
1202 3585 1279 3638 suerit,
1289 3601 1346 3634 ceu·

248 3669 315 3712 tonus
325 3662 446 3710 drnoirurss
461 3661 485 3708 iu
497 3661 599 3724 singulus
610 3662 681 3709 olens.
712 3661 782 3710 Actio
800 3669 876 3710 sutem
890 3664 970 3710 hurum
982 3678 1057 3710 rernrn
1071 3662 1133 3726 spnd
1143 3678 1184 3709 eos
1194 3660 1344 3724 negistrstns

247 3739 390 3796 instituetur,
401 3754 495 3800 quern·
506 3739 594 3801 quique
602 3738 694 3800 judices
705 3745 767 3786 cunt.
800 3739 833 3787 tu
847 3747 911 3787 sotor
923 3741 1040 3801 sportulss
1050 3747 1123 3802 ponet
1133 3755 1182 3786 ross
1192 3739 1273 3801 pertis.
1292 3737 1343 3797 Qui

248 3826 326 3866 sutem
343 3816 508 3866 condemnetur
519 3815 597 3873 inerit,
608 3829 660 3864 cunr
671 3801 937 3878 protomiircoribnnto
957 3816 1020 3877 opud
1035 3832 1095 3877 quos
1111 3815 1227 3877 Judioiuru
1244 3814 1285 3862 fiet
1299 3830 1345 3862 ox·

248 3895 368 3944 sutoribus
378 3895 410 3942 de
418 3909 447 3942 eo
456 3894 517 3956 quod
528 3893 551 3940 in
563 3893 667 3940 oersriunr
679 3893 750 3949 redit,
760 3893 914 3955 quantinus
923 3893 1039 3941 utrem
1048 3894 1079 3940 de
1088 3909 1118 3941 so
1127 3892 1189 3954 quod
1197 3892 1250 3941 de·
1259 3906 1344 3940 conso·
1354 3947 1369 3964 ἱ

249 3979 338 4020 orsturu
349 3977 399 4020 eutr
417 3971 479 4034 quod
491 3969 515 4018 ui
525 3969 694 4032 inscripserint,
705 3969 751 4032 ipsi
760 3970 870 4019 doberto

247 4097 313 4158 Lex
333 4099 450 4176 quidem
474 4097 539 4157 hsec
559 4097 644 4157 firmo
656 4107 718 4157 eet:
744 4097 820 4158 illud
840 4107 939 4160 sutem
959 4098 1088 4177 cogitate
1109 4096 1165 4177 ipsi
1177 4095 1341 4168 vobiscum,

248 4190 380 4262 iudices,
394 4191 535 4271 quidnam
547 4191 657 4270 putetis
675 4209 731 4250 nos
744 4211 898 4273 perpessos
911 4210 975 4253 esse
989 4191 1137 4272 superiore
1156 4200 1287 4270 tempore
1302 4191 1341 4250 eb

247 4283 311 4346 istis
324 4281 501 4361 istornmque
515 4283 686 4365 petulentia,
699 4283 750 4362 qui
763 4293 875 4343 tontum
888 4296 1014 4345 restrum
1033 4285 1135 4344 urbem
1155 4293 1341 4361 contempne·
1389 4271 1407 4286 ‘

247 4385 315 4438 runt
328 4385 359 4434 et
370 4373 452 4455 leges
465 4387 588 4451 vestras,
601 4389 641 4450 et,
655 4377 736 4458 quod
749 4385 850 4457 operte
868 4375 982 4456 legibus
995 4375 1183 4436 interdictum
1195 4387 1252 4447 est,
1264 4374 1342 4434 ndeo

246 4467 456 4532 contumeliose
470 4469 579 4548 praedis
601 4470 792 4532 dernstsrunt
804 4489 871 4549 quoe
891 4468 1008 4550 reliquit
1021 4467 1164 4547 Hngnies.
1206 4469 1269 4527 Lex
1287 4484 1342 4526 nu·
