2967 5017
412 353 631 415 ADVERSUS
653 355 957 420 monetarum.
1165 355 1224 417 tlt

136 515 297 568 natuerat.
329 510 405 571 (lum
417 489 648 574 sutsmso'vom
659 513 815 573 imitratus
827 531 922 572 mares
935 510 1043 570 liberos
1054 507 1152 568 nullos
1162 526 1226 581 orn·¹

135 598 208 660 uino
228 601 415 681 suscepisset,
424 605 487 686 jam
506 605 636 666 secundo
654 604 721 666 loco
740 603 887 684 cupiebat,
906 623 923 664 e
943 603 1004 665 lilia
1020 600 1075 662 sibi
1094 598 1227 678 adoptati

136 690 229 752 dlium
253 693 283 752 in
302 713 385 754 suam
398 705 429 758 et
443 697 567 775 Hagnioe
578 697 731 770 ‚familiam
744 707 775 756 et
791 695 830 755 ad
847 715 918 755 suos
936 693 1057 755 curiales
1071 690 1226 762 introduci,

135 785 219 862 *quod
235 785 429 862 existimabat,
447 789 579 865 ludices,
596 811 612 851 e
635 790 753 870 reliquis
772 789 853 850 huno
870 788 926 849 sibi
938 793 1009 848 'esse
1025 783 1227 868 conjunctissi-

136 896 229 951 mum,
242 889 274 939 et
285 879 328 940 sic
341 899 423 942 auam
436 883 574 944 semidam
587 884 748 944 rectissime
760 882 933 954 conservari,
945 891 978 942 et
988 882 1026 941 ab
1038 877 1154 956 interitu
1165 875 1227 938 riu-

136 969 238 1030 dicari.
280 973 314 1030 ln
326 993 385 1052 quo
399 993 456 1055 ego
470 975 496 1034 ei
509 978 677 1050 obsecutus,
692 976 785 1056 utqui
799 975 953 1036 Eubulidas
972 974 1060 1034 filiam
1079 973 1227 1043 haberem,

132 1059 246 1138 judicio
258 1064 392 1144 adeptus,
407 1075 543 1146 tanquam
555 1085 662 1145 genere
676 1069 842 1146 proximus:
855 1065 1005 1132 introduxi
1017 1083 1138 1145 puerum
1147 1063 1227 1144 hunc

82 1203 91 1220 ,
137 1151 178 1212 ed
192 1154 315 1234 Hagniae
328 1169 360 1218 et
373 1156 525 1218 Eubulidis
537 1159 677 1227 curialest
700 1159 731 1218 in
745 1177 867 1237 quorum
880 1169 911 1217 et
924 1157 1143 1236 Theopompus,
1149 1155 1226 1218 dum

136 1242 218 1317 vixit,
232 1245 386 1308 Macartati
400 1259 493 1328 pater,
507 1250 588 1309 cuna
601 1250 656 1308 luit
667 1250 723 1310 iste
736 1250 799 1329 ipse
812 1269 908 1330 porro,
918 1251 936 1310 J
939 1249 1048 1320 udices,
1061 1260 1092 1309 et
1103 1248 1227 1310 curiales

136 1333 303 1412 Macartati,
312 1339 420 1418 optime
432 1340 513 1419 gnari
523 1341 649 1420 generis,
659 1361 748 1422 quum
762 1342 892 1402 riderem
903 1341 991 1401 istum
1000 1341 1119 1421 quidem
1132 1340 1226 1420 ipsum

133 1425 262 1506 fugitare
271 1431 443 1510 periculum,
454 1451 551 1512 neque
564 1432 709 1494 victimam
724 1435 761 1494 ab
775 1452 826 1493 ara
838 1433 994 1506 abducere,
1002 1433 1088 1513 quasi
1099 1431 1227 1512 puerlric

135 1539 197 1580 nou
207 1521 333 1601 legitime
346 1524 589 1597 introduceretur,
598 1525 748 1606 postulare
760 1537 858 1586 autem
868 1535 902 1586 ut
912 1525 969 1606 ipsi
980 1527 1154 1606 pejerarent,
1166 1523 1228 1584 eal·

133 1611 211 1674 culis
221 1613 323 1675 deara
332 1617 455 1677 Curialis
467 1619 560 1690 Joris,
571 1618 641 1678 dum
654 1638 737 1679 sacra
744 1619 890 1691 arderent,
901 1618 1072 1697 desumptis,
1084 1626 1228 1695 praesente

134 1702 315 1779 Macartato,
325 1706 356 1764 id
367 1707 448 1784 quod
456 1713 569 1783 justum
581 1720 653 1787 erut,
667 1709 867 1779 decreverunt,
876 1709 893 1767 J
897 1709 1007 1780 udices,
1020 1719 1101 1767 recte
1113 1716 1146 1766 et
1157 1726 1228 1766 con·

128 1794 288 1854 renitetur
300 1815 424 1875 puerum
433 1798 512 1858 huuc
526 1798 682 1858 Eubulidas
694 1800 786 1860 lilium
798 1801 829 1858 in
843 1787 969 1878 Haguiae
983 1799 1124 1860 familiam
1135 1799 1226 1860 intro·

126 1885 216 1945 duci.
260 1887 373 1956 Quibus
388 1908 440 1968 per
464 1881 585 1950 curiales
606 1891 762 1952 Macartati
783 1891 915 1965 decretis,
938 1891 986 1952 iric
1005 1911 1079 1970 puer
1096 1904 1129 1952 ut
1148 1892 1226 1954 tilius

133 1977 291 2040 Eubulidis
303 1981 402 2041 citarit
415 1981 613 2044 Macartetum
626 1982 663 2043 de
677 1983 802 2062 Haguioe
815 1983 986 2045 hereditate
997 1985 1027 2044 iu
1035 1985 1188 2064 judicium,
1196 1997 1228 2046 et

136 2069 212 2130 diem
227 2069 301 2132 dixit
310 2073 388 2152 apud
401 2090 565 2154 praetorem,
580 2086 699 2137 auctore
712 2076 860 2155 adscripto
873 2077 960 2137 fratre
971 2096 1034 2138 suo.
1055 2078 1130 2138 Mihi
1138 2079 1226 2152 enirn,

136 2161 269 2237 Judices,
282 2183 368 2244 porro
382 2185 440 2226 non
454 2167 559 2229 licebat
573 2179 719 2228 auctorem
735 2169 809 2242 fieri,
821 2169 871 2246 qui
887 2189 1009 2248 puerum
1026 2170 1054 2229 in
1070 2170 1225 2232 Eubulide

134 2253 273 2316 familiam
291 2257 486 2337 adoptantem.
529 2259 625 2340 Atque
646 2281 683 2321 ea
705 2260 805 2321 citatio
823 2261 904 2321 iacta
920 2271 997 2321 esta
1010 2281 1100 2340 puero
1117 2263 1175 2324 hoo
1187 2283 1224 2324 ex

132 2349 237 2409 eadem
250 2348 393 2429 legeque
405 2351 472 2412 freti
484 2361 514 2412 et
527 2351 575 2412 isti
588 2363 709 2413 matrem
719 2354 819 2433 hujus,
831 2373 897 2430 qum
907 2353 987 2432 prius
995 2353 1106 2432 judicio
1117 2355 1226 2416 vicerat

137 2451 168 2500 et
178 2440 376 2502 hereditatem
387 2443 513 2523 Hagnioe
526 2445 655 2517 tenebat,
668 2445 874 2506 accersierunt.
917 2443 1021 2506 Recita
1034 2445 1104 2506 mihi
1117 2446 1224 2526 legem,

135 2551 194 2611 que
206 2533 323 2594 actioiu
337 2535 504 2619 eumdatur
515 2535 565 2614 qui
579 2535 778 2597 hereditatem
791 2548 882 2598 tenet

634 2679 724 2740 LEX.

167 2796 209 2846 siu
220 2797 251 2844 ds
262 2796 325 2846 adita
335 2799 459 2846 contendat
474 2797 608 2846 hareditats
623 2807 662 2846 aut
676 2796 775 2860 pupilis,
790 2797 848 2845 citet
863 2813 916 2846 sum
932 2799 972 2859 qui
988 2800 1145 2854 hereditatem
1161 2808 1225 2867 terret

21 2888 24 2896 ·
137 2874 165 2920 ad
174 2881 307 2936 pretorem,
314 2875 507 2936 quemadmodum
519 2875 545 2922 m
555 2875 578 2922 iu
587 2874 640 2922 aliis
649 2874 740 2921 musis:
759 2883 901 2920 sacramento
911 2885 987 2922 autem
999 2878 1122 2924 contendat
1133 2877 1227 2937 petitor.
1256 2936 1260 2943 ἢ

134 2951 175 2998 Sin
186 2951 237 2998 siue
247 2951 356 2999 citatione
366 2951 470 3013 petierit,
482 2951 616 3016 imperfecta
629 2951 673 2999 erit
685 2949 768 3012 petitio
780 2949 928 2996 hereditatis.
960 2951 1001 2996 Siu
1017 2951 1038 2998 ir
1052 2952 1092 3012 qui
1103 2953 1226 3000 hasmdits-

134 3033 181 3074 tem
192 3027 251 3076 adiit
263 3035 381 3088 superstes
392 3041 437 3074 uon
448 3028 527 3084 luerit,
538 3034 640 3074 arcessat
656 3025 725 3074 simili
746 3025 836 3072 mtioue
851 3041 912 3082 eum,
923 3025 962 3072 eui
977 3025 1114 3087 praefinitum
1130 3035 1221 3090 tempus

134 3105 235 3162 undum
247 3111 285 3151 est
295 3104 457 3152 temiusturur
472 3104 614 3166 disceptatio
621 3111 702 3152 autem
714 3103 776 3165 apud
792 3109 914 3165 pretorem
928 3111 979 3150 esto
990 3117 1018 3150 ea
1034 3103 1133 3162 ηίίοικ,
1144 3105 1222 3166 qast·

134 3181 191 3244 agit,
203 3181 242 3244 qul
251 3180 407 3230 hereditatem
418 3187 491 3228 tenet.

174 3300 203 3356 5.
216 3295 323 3375 Legem
334 3295 452 3376 quidem
462 3295 612 3357 audivistis
622 3295 746 3377 :justam
758 3306 855 3355 autem
865 3313 925 3354 rem
935 3314 953 3354 a
962 3293 1043 3355 vobis
1056 3297 1223 3375 petamin-

134 3387 225 3448 dices.
259 3387 290 3448 Si
304 3387 459 3448 ostendero
472 3387 671 3468 Theopompo,
685 3399 767 3467 patre
782 3387 949 3457 Macartati‚
964 3405 1071 3467 genere
1082 3408 1147 3450 esse
1162 3389 1224 3450 lla·

134 3479 210 3560 gniae
223 3481 386 3562 propiorem
397 3479 571 3541 Eubulidam
586 3499 708 3560 puerum
722 3479 800 3540 huuc
810 3479 1087 3560 etPhylomeeham,
1101 3502 1166 3561 quie
1180 3492 1224 3542 est

134 3583 226 3633 mater
245 3574 338 3653 pueri,
354 3572 509 3633 Eubulidas
526 3573 600 3640 lilia;
623 3591 719 3652 neque
739 3582 853 3632 tantum
868 3591 935 3631 esse
949 3590 1054 3651 genere
1068 3573 1222 3651 proximos,

135 3663 185 3724 sed
198 3665 229 3722 in
240 3665 406 3724 universum
418 3683 454 3723 ne
464 3663 555 3722 ullum
568 3663 683 3744 quidem
699 3683 763 3724 esse
777 3663 922 3723 hominem
936 3662 965 3722 in
979 3663 1088 3724 familia
1097 3665 1223 3742 Hagnim

135 3759 232 3832 alium,
246 3779 334 3838 quam
357 3768 478 3818 matrem
491 3758 573 3838 pueri
591 3757 677 3834 hujus
697 3769 727 3818 et
747 3758 839 3837 ipsum
860 3755 939 3818 hunc
956 3777 1094 3836 puerum:
1116 3757 1180 3815 haec
1198 3757 1224 3815 si

134 3854 299 3924 ostendero,
312 3873 423 3933 quoeso,
437 3851 569 3921 Judices,
582 3862 615 3911 ut
629 3851 711 3912 nobis
725 3871 808 3932 opem
822 3850 932 3911 seratis.
967 3852 1011 3911 Ac
1025 3851 1147 3930 primum
1157 3849 1222 3928 qui-

131 3945 199 4006 'dem
214 3945 411 4018 decreveram,
424 3943 556 4013 ludices,
576 3943 605 4002 in
626 3943 729 4004 tabula
750 3943 911 4023 descriptos
932 3961 1033 4002 omnes
1055 3951 1179 4020 agnatos
1192 3952 1224 4002 et

133 4037 257 4118 gentiles
266 4037 403 4118 Hagnioe,
415 4037 457 4097 sic
471 4035 553 4097 robis
567 4035 718 4096 ostendere
732 4035 880 4115 singulos:
895 4034 948 4094 sed
958 4034 1027 4112 quia
1041 4051 1104 4091 eam
1117 4053 1177 4094 non
1186 4053 1223 4094 ex

133 4149 217 4212 equo
232 4143 367 4211 spectare
383 4149 469 4210 posse
484 4149 585 4190 omnes
594 4128 720 4209 judices,
736 4127 875 4188 remotius
894 4124 1055 4207 presertim
1074 4125 1222 4201 sedentes,

133 4222 315 4297 ridebantur,
329 4221 522 4283 necessarium
538 4220 668 4288 fortassis
685 4232 731 4281 est
747 4221 879 4281 oratione
892 4219 998 4279 docere
1016 4237 1080 4291 rus,
1092 4239 1158 4299 quae
1175 4239 1222 4280 res

133 4316 293 4376 communis
312 4327 359 4376 est
382 4315 525 4375 omnibus.
568 4315 745 4374 Conabimur
764 4325 860 4372 autem
885 4322 915 4372 et
935 4330 1001 4385 nos,
1018 4331 1105 4392 quam
1125 4312 1223 4373 iacere

134 4407 299 4469 brevissime
313 4407 482 4488 poterimus,
495 4405 639 4486 explicare
655 4425 748 4485 genus
763 4403 898 4483 Hagnias.

173 4502 202 4560 6.
223 4501 349 4562 Burelus
362 4499 418 4561 init
432 4519 468 4560 ex
482 4497 550 4572 OEo,
570 4499 711 4567 iudicem
731 4497 758 4558 is
776 4497 905 4578 quinque
918 4497 994 4559 filios
1004 4497 1147 4576 suscepit,
1159 4495 1222 4556 lla·
