2967 5017
292 322 355 385 756
593 326 763 393 CONTRA
783 332 1094 403 inuocauerunt:

292 482 466 545 mniatomm
479 485 698 549 rnetuImnaunis
710 488 827 571 degas?
852 490 930 552 Nam
944 511 1004 572 quo
1026 493 1056 553 in
1075 489 1140 553 aliis
1158 491 1270 569 injuriis
1280 492 1399 552 cousu-

293 576 399 654 sslfflub
414 576 452 635 ad
480 576 572 657 leges,
591 580 630 639 ad
649 580 772 659 judicia,
785 582 824 645 ad
846 592 948 656 tested
962 585 1001 645 ad
1024 584 1227 658 conciliabula,
1244 585 1310 644 hac
1327 584 1396 643 illis

291 667 416 746 quaestui
429 678 508 741 sunt,
522 671 552 729 in
565 670 611 730 his
622 673 697 733 uires
711 684 862 734 ostentant
874 694 957 744 suns:
968 678 1079 739 amicos
1093 677 1261 738 existimant
1273 678 1392 756 eosqui

291 769 456 833 numerant,
468 761 580 833 hostes,
590 763 724 826 homines
737 766 851 845 quietos
863 778 896 828 et
907 766 1023 829 divites.

334 852 383 913 1⁷.
397 850 601 916 Recordamini
617 856 716 935 igitur,
728 858 861 932 iudices,
873 870 905 921 et
921 860 1114 941 improbitatis
1133 863 1309 932 istorum,.et
1320 882 1393 925 naa·

286 945 384 1025 joram
402 955 578 1019 nostrorum,
596 966 722 1027 quorum
736 949 908 1029 Epichares‚
921 970 995 1018 arras
1007 970 1104 1024 meua,
1116 953 1264 1035 Olympiae
1276 974 1390 1034 pueros

291 1036 388 1097 stadio
399 1038 479 1110 vicit,
492 1055 689 1118 coronamque
701 1039 870 1119 reipublice
882 1040 991 1118 retulit,
1003 1054 1035 1102 et
1047 1045 1127 1123 apud
1134 1046 1260 1125 majores
1270 1058 1386 1109 vestros

290 1131 450 1191 sumbone
463 1130 673 1191 existimatione
687 1130 766 1191 diem
779 1152 865 1194 suum
878 1134 959 1195 obiit.
1000 1135 1064 1194 Nos
1076 1154 1146 1195 uero
1158 1147 1277 1218 propter
1291 1139 1385 1201 istum

290 1224 345 1288 diis
367 1224 491 1286 inrisum
503 1223 571 1295 ‚hac
594 1224 711 1285 civitate
735 1226 915 1301 fraudamur,
929 1247 982 1307 pro
1001 1248 1060 1308 qua
1072 1229 1268 1290 Aristocrates
1281 1230 1387 1293 Soellii

290 1316 377 1390 filins,
392 1318 553 1379 avunculus
574 1314 725 1397 Epicharis
750 1320 796 1378 avi
818 1320 886 1391 mei,
900 1321 984 1400 cujur
1004 1320 1074 1381 buic
1089 1321 1173 1382 fratri
1190 1314 1259 1383 meo
1274 1342 1384 1385 nornen

287 1420 335 1473 est
346 1410 480 1481 inditum,
493 1409 593 1470 multis
613 1418 645 1469 ct
665 1408 814 1491 praeclaris
835 1412 922 1471 rebus
944 1411 1042 1491 gestis,
1056 1412 1167 1473 bellum
1185 1424 1286 1474 nostra
1306 1416 1384 1476 irrbe

286 1514 407 1585 gerente
418 1520 486 1564 cum
500 1498 739 1575 Lacedaemoniis,
753 1520 854 1563 eversa
867 1502 1020 1576 Eetionca,
1038 1505 1068 1564 in
1088 1522 1177 1582 quam
1192 1506 1299 1567 critias
1310 1526 1385 1569 cnm

286 1597 389 1659 ceteris
399 1592 528 1681 tyrannis
539 1592 776 1654 Lacedaemonios
788 1604 958 1675 recepturos
978 1596 1044 1669 luit,
1057 1596 1215 1656 castellum
1224 1618 1242 1658 e
1251 1618 1311 1677 quo
1323 1620 1380 1681 op·

285 1688 489 1771 pugnabantur
508 1684 606 1758 diruit,
629 1683 828 1767 populumque
845 1686 988 1748 restituit:
1015 1708 1076 1750 non
1093 1688 1176 1762 talia,
1197 1690 1297 1770 qualis
1314 1692 1383 1754 bac

287 1790 357 1843 tunt
377 1778 508 1860 pericula
520 1778 651 1851 subiens,
665 1778 719 1839 sed
732 1784 796 1855 ejus
809 1780 933 1861 generis,
947 1780 1097 1860 inquibus
1110 1790 1277 1843 etmortem
1287 1804 1381 1866 oppe-

284 1880 348 1937 tere
374 1870 544 1952 preclarum
570 1880 625 1940 est,
638 1879 668 1929 et
691 1882 816 1931 conatus
843 1890 955 1945 eorum,
977 1873 1028 1951 qui
1051 1873 1134 1934 robis
1155 1872 1380 1953 insidiabantnr,

283 1964 475 2045 compescuit.
529 1961 652 2039 Propter
672 1980 771 2039 quern,
793 1962 819 2021 si
841 1962 995 2024 Theocrini
1019 1964 1129 2025 similes
1150 1984 1291 2039 msemus
1311 1970 1379 2047 jare

283 2076 338 2117 nos
350 2052 570 2126 conservaretis,
586 2050 706 2126 nedum,
726 2072 794 2113 cum
813 2073 851 2114 eo
869 2054 1004 2116 meliores
1016 2055 1116 2130 simus,
1126 2058 1295 2137 justamque
1306 2080 1382 2123 cau·

284 2168 346 2209 sam
357 2148 528 2207 babeamus.
568 2145 674 2225 Neque
687 2144 765 2231 enim
784 2164 864 2227 sape
876 2164 941 2221 vos,
954 2147 999 2207 his
1013 2148 1158 2221 dicendis,
1171 2152 1376 2217 obtundamus.

285 2240 335 2301 Sic
358 2240 435 2300 enirn
460 2240 515 2299 iste
536 2237 689 2298 nobiscum
707 2238 779 2315 egit,
794 2247 839 2307 ut,
860 2238 941 2317 quod
957 2250 988 2299 et
1003 2240 1086 2300 initio
1098 2240 1245 2317 dicebam,
1257 2264 1295 2305 ne
1307 2266 1378 2328 spe·

282 2332 401 2412 quidem
414 2328 475 2389 ulla
488 2329 572 2390 nobis
586 2329 625 2388 sit
636 2328 749 2407 reliqua
761 2330 805 2389 rel
819 2332 977 2411 peregrinis
990 2351 1141 2393 concessae
1153 2332 1301 2399 libertatis.
1336 2342 1378 2402 Ut

281 2424 378 2504 igitur,
392 2422 417 2482 si
429 2420 501 2481 nihil
514 2419 605 2493 aliud,
618 2419 666 2479 rel
685 2420 743 2479 hoc
761 2420 898 2481 solatium
910 2423 1081 2498 babeamus,
1094 2436 1129 2485 ut
1142 2437 1173 2486 et
1189 2425 1280 2489 istum
1292 2451 1376 2493 ocer-

280 2517 370 2579 citum
390 2512 553 2588 rideamus,
574 2531 628 2573 nos
649 2511 801 2591 adjuraret
832 2514 1007 2576 miseremini
1029 2536 1141 2591 eorum,
1164 2517 1213 2597 qui
1236 2540 1254 2581 e
1274 2535 1377 2587 noran

279 2608 390 2671 familia
410 2616 531 2667 mortem
553 2624 607 2686 pro
624 2604 776 2685 republica
787 2607 987 2687 oppetierunt:
1009 2610 1107 2690 cogite
1129 2629 1197 2672 eum
1219 2611 1259 2672 ad
1279 2616 1378 2695 ipram

279 2702 456 2764 delationem
469 2698 662 2781 respondere:
676 2707 708 2758 et
719 2698 795 2759 tales
807 2699 838 2759 iu
850 2699 915 2779 ejus
925 2720 1016 2763 causa
1027 2722 1080 2763 ros
1093 2704 1232 2782 praebete,
1241 2705 1375 2784 Jumccc,

279 2795 374 2877 qualis
386 2794 442 2854 iste
454 2790 545 2851 nostri
557 2790 612 2851 ruit
625 2800 788 2864 accusator,
806 2790 858 2871 qui
874 2790 1007 2871 deceptis
1022 2793 1182 2873 judicibus,
1195 2798 1375 2863 mediocrem

277 2888 403 2968 aliquam
425 2884 555 2964 infligere
577 2884 717 2945 mulctam
738 2883 814 2964 patri
835 2882 1001 2957 noluitme
1022 2886 1144 2948 moltrun
1165 2892 1323 2965 obtestato,
1342 2905 1376 2954 st

278 2990 345 3041 onte
366 2980 430 3060 ejus
445 2996 542 3058 genus
553 2976 721 3055 suppliciter
733 2974 899 3055 provoluto,
913 2976 978 3050 sed,
991 2987 1130 3057 tanquam
1149 2991 1234 3060 pater
1251 3000 1376 3065 rempu-

275 3072 381 3133 blicam
405 3068 591 3150 prodidisset,
614 3066 695 3127 litem
717 3068 747 3127 ei
768 3067 874 3127 decem
891 3068 1012 3129 talentis
1034 3071 1201 3134 estimavit.
1242 3074 1374 3141 Oramus

275 3162 364 3241 igitur
376 3169 467 3239 atque
479 3158 675 3231 obsecramus,
688 3168 722 3217 ut
735 3158 818 3238 justa
829 3176 897 3238 qum
918 3170 999 3231 sant,
1011 3160 1186 3226 decernatis.
1227 3164 1312 3230 Heus
1325 3180 1372 3242 tu.
1455 3241 1456 3246 γ

277 3250 415 3314 auxiliare
427 3250 521 3324 nobis,
532 3248 557 3311 si
570 3248 640 3331 quid
653 3250 756 3326 babes,
766 3261 798 3313 et
808 3251 1000 3333 patrocinare.
1040 3253 1208 3320 Adscende.
