2967 5017
460 328 629 393 coum
647 326 850 390 NEAERAM.
1076 315 1079 320 “
1138 321 1198 382 ttttt

105 486 238 567 uigens,
259 486 331 549 istos
356 488 387 549 in
403 486 547 571 judicium
565 484 677 559 soceri,
699 493 865 564 vestraque
884 479 1051 549 auctorit&
1076 474 1200 555 subjeti-

106 578 205 641 Deset
223 589 320 641 estem
338 599 392 643 ros
413 600 531 662 qnoque
548 578 724 651 existimare,
745 595 806 642 non
818 576 896 640 cisni
908 574 971 640 tore
990 571 1074 641 deos.
1086 570 1117 630 in
1127 586 1201 649 quos

103 669 156 731 isti
167 672 246 753 impii
258 674 384 747 fuerunt,
404 674 477 753 quid
498 682 625 735 vestrum
645 670 849 751 unusquisque
861 668 1007 739 decernet,
1020 676 1052 727 et
1070 664 1113 727 its
1130 680 1200 741 pro·

105 766 305 841 concinent
318 766 435 848 justitie
457 766 579 847 flagita,
594 784 630 827 sc
649 761 755 827 ulcisci
767 762 824 825 diis
837 762 962 826 mesine
973 757 1081 819 tactem
1096 761 1200 819 eontu-

105 858 237 934 melism,
260 860 367 922 deinde
386 858 468 922 vobis
487 858 575 921 etiem
600 857 683 938 ipsis.
725 856 801 924 Qun
814 856 850 915 si
869 851 1009 922 feceritis,
1026 866 1130 911 omnes
1148 863 1202 907 scs

104 948 403 1032 honoreussm,qne
419 970 476 1031 ego
498 950 633 1011 Nesersm
660 947 924 1028 peregrinam
948 942 1023 1005 civi
1043 946 1202 1019 nuptum

105 1046 259 1120 accusavi,
269 1044 405 1127 preclare
416 1054 449 1109 et
456 1045 538 1126 juste
551 1041 731 1121 dijudicasse
744 1038 962 1105 existiusbuut.

374 1660 951 1748 DEMOSTHENIS

429 1920 613 1989 ORATIO
636 1918 895 1987 FUNEBRIS.

603 2154 725 2169 ῃ

159 2290 186 2348 l.
207 2286 312 2358 Quum
327 2283 406 2360 viris,
419 2284 511 2366 quiin
525 2284 583 2346 hoc
596 2284 777 2348 monimento
788 2283 898 2349 conditi
906 2294 985 2359 sunt,
998 2284 1078 2365 quod
1090 2284 1121 2344 in
1129 2282 1209 2345 bello

112 2393 235 2445 euenire
250 2400 282 2445 se
297 2388 462 2459 gesserunt,
475 2378 625 2458 publicum
639 2380 728 2440 funus
748 2400 768 2440 e
794 2388 898 2440 senstu
923 2377 1090 2458 populoque
1109 2375 1210 2439 decre·

109 2486 189 2547 tum,
203 2472 333 2552 mihique
343 2469 514 2531 mandatum
528 2481 606 2533 esset
618 2481 653 2531 ut
673 2490 725 2552 pro
743 2491 825 2531 more
838 2470 998 2531 orationem
1011 2468 1104 2530 decis
1117 2468 1209 2530 hebe-

109 2586 187 2639 rem‚
210 2564 308 2625 stetim
332 2561 469 2643 cogitavi,
490 2582 549 2642 que
571 2564 681 2626 ratione
698 2564 868 2644 promerito
888 2562 1003 2625 leudsri
1019 2571 1158 2643 possent:
1178 2582 1210 2624 re

110 2668 214 2724 eutem
227 2668 367 2739 suscepta
378 2668 409 2717 et
421 2657 571 2731 meditata,
585 2678 638 2740 pro
657 2658 863 2720 detunctorum
882 2658 1024 2738 dignitate
1043 2658 1134 2718 verbs
1149 2656 1212 2718 tieri

108 2772 204 2836 posse
218 2750 362 2811 enemine
375 2750 564 2832 deprehendi.
605 2752 664 2819 Qui
677 2752 788 2813 enimn
805 2762 910 2813 neturs
929 2753 1130 2833 ingeneratum
1149 2771 1212 2811 om·

110 2846 203 2907 nibus
229 2842 346 2904 vivendi
369 2842 546 2903 desiderium
571 2844 716 2924 aspernati
744 2857 823 2917 sunt,
836 2854 867 2905 et
889 2847 1063 2906 occumbere
1087 2842 1212 2905 honeste

110 2954 204 3019 quent
217 2934 355 2995 afflictam
375 2931 499 2993 Greciae
516 2934 662 2995 fortunam
682 2935 814 2996 viventes
837 2955 956 2997 cernere
977 2936 1151 3007 meluerunt,
1173 2955 1211 2995 an

110 3048 176 3090 non
198 3046 263 3089 eom
281 3048 343 3087 sum
366 3026 480 3088 virtutis
507 3028 676 3089 memoriam
700 3028 844 3108 reliquere
866 3049 955 3109 quem
973 3029 1056 3089 nulls
1075 3048 1214 3109 superare

112 3119 213 3202 possit
225 3118 342 3180 oratio?
376 3118 464 3189 Quod
479 3138 547 3179 cum
558 3120 600 3180 ite
620 3120 667 3192 sit,
683 3130 781 3181 tamen
800 3131 834 3181 ut
852 3121 901 3181 atii
913 3122 1046 3182 fecerunt
1059 3120 1213 3196 hactenus,

113 3212 159 3273 ite
173 3212 284 3273 etmihi
300 3211 502 3274 disserendum
515 3212 564 3274 hio
579 3233 644 3273 esse
658 3233 734 3274 reor.
776 3212 927 3283 Quantum
940 3214 1029 3294 igitur
1042 3214 1144 3274 civitas
1162 3232 1214 3275 eo·

113 3322 182 3364 rum
196 3302 325 3365 studium
338 3306 448 3366 hebeat
461 3305 510 3382 qui
522 3303 554 3363 in
568 3306 653 3366 bellis
672 3308 863 3380 occumbunt,
886 3326 954 3367 cum
972 3306 1085 3368 coeteris
1098 3328 1115 3367 e
1128 3308 1215 3368 rebus

114 3396 299 3478 perspicitur,
312 3407 374 3456 tum
388 3417 458 3457 vero
473 3416 510 3456 ex
522 3396 579 3457 hec
600 3398 667 3477 lege
686 3397 872 3479 potissimum
891 3418 950 3480 qua
967 3399 1017 3480 qui
1030 3398 1068 3460 od
1081 3399 1215 3480 publicas

113 3488 282 3571 sepulturas
302 3487 460 3551 cretionem
478 3487 588 3551 hebent
600 3488 691 3569 deligi
709 3490 794 3551 solet.
835 3490 905 3552 Non
928 3491 1031 3570 ignare
1049 3491 1126 3550 enim
1139 3512 1215 3572 pros·
1305 3522 1314 3543 ·

115 3588 231 3641 stantes
242 3580 319 3642 viros
333 3601 390 3642 nce
403 3580 441 3641 de
454 3582 593 3659 parandis
613 3582 717 3662 opibus
732 3602 788 3643 nec
802 3584 985 3664 perfruendis
998 3584 1065 3643 vitre
1081 3584 1216 3665 volupta-

115 3672 198 3734 tibus
210 3693 391 3755 magnopere
410 3666 554 3747 lab'orere,
578 3673 630 3733 sed
652 3694 753 3735 eorum
766 3694 854 3735 omne
868 3674 1043 3735 desiderium
1058 3676 1089 3736 in
1108 3677 1216 3737 virtute

116 3772 148 3826 et
168 3765 304 3826 leudibus
329 3767 524 3847 acquiescere,
550 3766 726 3826 orationibus
748 3766 782 3825 iis
809 3784 876 3845 que
901 3765 1017 3825 illisce
1043 3773 1217 3846 preesterent

117 3856 242 3919 maxime
262 3858 411 3920 ornandos
433 3858 558 3931 censuit,
578 3868 621 3932 ut,
645 3878 733 3938 quem
753 3857 810 3938 ipsi
832 3856 955 3937 gloriam
973 3858 1105 3918 viventes
1118 3859 1218 3941 adepti

117 3958 226 4023 essent,
240 3971 277 4012 ee
290 3950 436 4013 defunctis
450 3950 538 4012 etism
549 3952 727 4013 redderetur.

157 4046 188 4103 2.
210 4044 300 4113 Quod
314 4043 339 4104 si
349 4052 492 4124 quantum
504 4042 544 4104 ad
559 4044 697 4106 virtutem
721 4044 826 4104 attinet
845 4043 938 4110 solam
951 4044 982 4103 in
995 4042 1037 4103 eis
1049 4044 1141 4103 fuisse
1158 4044 1217 4105 ior-

117 4134 277 4195 titndinem
290 4136 431 4211 riderem,
445 4157 481 4198 ee
493 4136 661 4198 collaudate
670 4138 759 4198 finem
772 4136 891 4197 dicendi
904 4136 1049 4197 tacerem:
1067 4157 1134 4197 cum
1147 4157 1218 4198 vero

117 4230 160 4291 eis
183 4232 341 4312 contigerit
362 4241 397 4294 nt
416 4242 447 4293 et
468 4234 606 4313 prseclere
629 4233 690 4294 neti
711 4243 740 4293 et
761 4230 883 4292 instituti
896 4232 956 4292 sint
967 4232 1123 4293 liberaliter
1135 4242 1166 4293 et
1186 4232 1218 4294 in

119 4326 179 4387 vito
191 4326 294 4407 glorioe
309 4326 483 4402 studuerint,
502 4328 607 4410 quibus
631 4328 718 4389 rebus
740 4326 848 4387 fectum
862 4334 910 4388 est
921 4337 958 4412 Ιιιι
969 4327 1072 4389 merito
1084 4329 1217 4389 virtutem

118 4418 257 4497 coierent,
270 4422 375 4483 horum
392 4422 501 4501 aliquid
517 4422 664 4503 praeterire
678 4422 740 4483 sine
754 4420 868 4502 pudore
880 4442 939 4484 non
953 4441 1083 4502 possum.
1113 4422 1219 4482 Ordiar
