2967 5017
263 302 322 361 7⁴6
568 300 787 361 ADVERSUS
809 300 1062 363 EUBUHDEM.

728 552 892 615 TESTES.

307 696 335 753 9.
351 694 496 755 Praeterea
509 714 576 755 cum
588 696 615 756 ei
629 695 710 756 liberi
723 698 857 776 quaterni
871 706 970 757 essent
983 698 1054 771 nati,
1064 694 1166 757 uterini
1178 695 1235 755 mei
1244 696 1362 768 fratres,

266 797 296 847 et
310 789 425 859 mortui,
436 787 549 867 sepeliit
562 809 612 849 eos
626 788 656 848 in
670 790 769 867 patriis
780 789 975 861 monimentis,
985 810 1051 869 quae
1065 798 1236 869 quotquote
1250 787 1364 848 familia

267 890 346 951 sunt,
359 881 549 959 participant:
572 900 667 963 neque
682 880 802 941 istorum
814 882 968 961 quisquam
976 902 1105 961 unquam
1113 880 1216 954 vetuit,
1229 890 1281 941 aut
1290 900 1362 959 pro-

267 973 371 1045 hibuit,
387 993 482 1053 oeque
497 993 563 1034 eum
579 974 608 1032 in
618 974 668 1053 jus
681 974 805 1034 vocavit.
834 975 907 1042 Quis
917 994 986 1035 vero
1000 984 1057 1047 est,
1071 974 1121 1054 qui
1135 994 1154 1033 a
1166 972 1275 1033 familia
1288 971 1362 1032 alie·

268 1084 321 1125 nos
336 1067 365 1125 in
380 1066 479 1145 patriis
493 1063 607 1145 sepeliri
622 1064 807 1127 monimentis
826 1066 967 1146 patiaturt
1000 1068 1042 1128 Ut
1053 1076 1152 1127 autem
1165 1077 1194 1125 et
1207 1064 1274 1125 haec
1291 1083 1362 1125 vere

267 1178 285 1217 a
299 1178 346 1217 me
360 1157 418 1219 dici
431 1168 557 1231 constet,
571 1176 643 1237 cape
658 1157 867 1219 testimonium.

665 1390 970 1450 TESTIMONIUM.

311 1546 357 1604 10.
379 1543 427 1603 De
448 1554 530 1623 patre
552 1545 649 1624 igitur,
663 1545 756 1605 fuisse
776 1540 1079 1616 euru-Atheniensem,
1094 1543 1158 1603 baec
1178 1542 1272 1602 babeo
1291 1560 1361 1622 quoe

263 1634 371 1708 dicam,
381 1646 413 1695 et
425 1646 515 1697 testes
525 1638 648 1717 produxi
662 1656 807 1717 eus,quoa
821 1636 870 1694 isti
884 1635 938 1715 ipsi
951 1634 1029 1695 cives
1043 1655 1108 1695 esse
1120 1635 1361 1715 pronunciantur,

265 1728 314 1805 qui
337 1729 537 1801 testificantur,
561 1750 627 1790 eum
650 1750 734 1790 suurn
752 1730 843 1789 fuisse
862 1728 1077 1789 consobrinum.
1118 1728 1243 1787 Constat
1260 1738 1360 1787 autern

267 1838 335 1899 euni
350 1831 394 1880 tot
407 1833 438 1881 et
456 1832 500 1881 tot
523 1842 615 1881 annos
631 1822 679 1883 bic
693 1823 811 1894 vixisse,
825 1833 855 1879 et
868 1840 1016 1898 nunquam
1029 1840 1155 1899 usquam
1170 1831 1202 1880 ut
1214 1818 1360 1900 hospitem

267 1930 333 1971 csse
347 1912 572 1993 deprehensum,
588 1914 640 1973 sed
654 1914 691 1972 ad
705 1912 758 1973 hos
771 1924 913 1991 cognatos
933 1929 1003 1970 suos
1022 1911 1201 1990 confugisse,
1220 1911 1271 1989 qui
1290 1930 1360 1971 eum

267 2016 298 2063 et
319 2015 500 2083 receperunt,
514 2016 544 2064 et
565 2004 720 2063 facultates
744 2004 772 2063 ei
793 2003 1003 2082 impertierunt,
1025 2015 1058 2063 ut
1077 2023 1194 2063 suorum
1217 2004 1278 2062 uni.
1319 2005 1360 2063 iis

267 2114 352 2173 porro
367 2094 543 2173 temporibus
567 2105 653 2153 natus
676 2094 741 2167 fuit,
754 2107 789 2154 ut
811 2094 926 2153 etiamsi
947 2113 984 2152 ex
1008 2093 1099 2154 ultera
1116 2095 1260 2154 duntaxat
1278 2108 1360 2173 parte

267 2186 338 2246 civis
352 2185 466 2258 fuisset,
480 2187 572 2247 civem
592 2206 659 2246 eum
678 2186 780 2245 haberi
798 2186 975 2258 conueniret,
994 2204 1062 2243 cum
1076 2196 1162 2245 uatus
1175 2197 1243 2247 ante
1258 2188 1360 2248 Eucli-

269 2276 337 2337 dem
350 2279 446 2339 fuerit.
480 2278 526 2337 De
541 2289 742 2339 matreautem
756 2296 931 2337 mea—oam
944 2289 975 2337 et
985 2276 1061 2337 hanc
1075 2279 1360 2363 exagitarunt-jam

269 2369 375 2443 dicam,
390 2380 420 2429 et
433 2370 570 2429 orationis
585 2388 658 2429 meae
671 2370 770 2429 citabo
785 2380 886 2429 testea.
927 2371 1067 2436 Quamvis
1081 2387 1141 2429 non
1154 2370 1247 2430 modo*
1257 2384 1361 2433 contra

268 2459 386 2521 decreta
409 2461 555 2520 forensem
579 2471 723 2541 quaestunr
745 2461 829 2521 nobis
851 2462 988 2543 objecerit
1008 2462 1181 2534 Eubulidea‚
1202 2465 1361 2526 sedetiam

268 2562 371 2613 contra
384 2552 474 2632 leges,
489 2572 555 2631 quoe
573 2552 696 2613 convicii
711 2553 830 2614 crimine
842 2556 932 2615 teneri
942 2556 1047 2635 jubent
1061 2576 1139 2629 eum,
1152 2556 1202 2634 qui
1214 2568 1360 2635 quaestum

267 2644 298 2705 in
319 2645 382 2706 foro
400 2645 453 2704 uui
474 2646 590 2719 civium,
613 2665 665 2705 seu
685 2648 757 2727 viro,
778 2666 831 2706 seu
854 2648 966 2707 mulieri
986 2648 1173 2729 exprobrarit.
1216 2649 1280 2709 Nos
1293 2670 1361 2711 reru

269 2737 393 2799 fatemur
405 2748 437 2797 ct
449 2737 555 2799 fascias
570 2739 696 2799 vendere
710 2760 774 2813 nos,
785 2749 816 2800 et
825 2738 958 2801 victitare
972 2760 1032 2801 non
1046 2741 1088 2800 uti
1100 2739 1245 2799 volumus.
1273 2740 1362 2809 Quod

270 2832 295 2889 si
310 2830 362 2889 tibi
375 2842 546 2910 argumento
570 2841 626 2902 est,
639 2850 693 2891 nos
715 2852 775 2892 non
799 2850 864 2891 esse
885 2833 973 2905 cives,
992 2852 1049 2911 ego
1070 2832 1122 2893 tibi
1143 2830 1229 2913 hujus
1241 2833 1361 2893 omnino

270 2922 446 2983 contrarium
463 2924 603 3002 probabo,
619 2942 678 2983 nun
693 2924 782 2982 licere
802 2924 954 3001 peregrino
968 2924 999 2982 in
1018 2925 1081 2985 foro
1095 2934 1239 3002 quaestum
1253 2926 1359 2987 facere.

271 3012 352 3093 Cape
361 3016 498 3094 primunr,
514 3034 549 3075 ac
559 3014 625 3093 lege
637 3013 706 3073 mibi
718 3012 835 3072 Solonis
849 3013 954 3093 legem.

768 3226 861 3286 LEX.

272 3364 353 3445 Cape
363 3365 451 3427 etiarn
466 3368 681 3449 Aristophontis
695 3370 803 3451 legem.
833 3370 864 3428 Is
877 3370 954 3429 enim
965 3389 1030 3430 eam
1043 3372 1118 3432 adeo
1131 3383 1210 3434 recte
1223 3383 1254 3434 et
1266 3394 1360 3457 popu-

271 3456 368 3517 lariter
390 3478 456 3519 esse
477 3460 566 3521 latam
590 3462 714 3535 censuit,
737 3475 771 3524 ut
792 3463 1053 3525 senatusconsulto
1076 3465 1273 3527 renovandam
1296 3488 1360 3531 esse

271 3548 440 3609 decreverit.

764 3710 858 3771 LEX.

273 3846 404 3909 Tusndae
417 3840 486 3909 sunt
494 3849 583 3928 igitur
595 3851 676 3911 vobis
688 3850 780 3931 leges,
794 3874 889 3931 neque
901 3856 921 3915 ii
933 3856 982 3933 qui
996 3865 1140 3934 questum
1154 3857 1268 3919 faciunt
1279 3880 1361 3939 pore-

272 3940 356 4019 grini,
369 3940 421 4000 sed
435 3941 485 4018 qui
496 3942 719 4017 calumniantur,
731 3945 857 4024 improbi
870 3958 940 4007 sunt
952 3947 1090 4009 habendi.
1132 3949 1190 4009 Est
1202 3952 1290 4024 enirn,
1302 3954 1361 4013 Eu·
1454 3967 1455 4012 t

270 4032 381 4106 bulide,
395 4032 452 4093 alia
463 4053 578 4114 quoque
592 4034 639 4093 lex
652 4035 689 4097 de
713 4036 838 4116 ignavia,
854 4039 901 4098 cui
924 4059 991 4100 curn
1006 4039 1070 4117 ipse
1082 4042 1226 4102 obnoxius
1242 4045 1294 4115 sis,
1307 4065 1360 4105 nos

272 4124 323 4203 qui
344 4142 417 4203 opus
440 4122 571 4201 facimus,
597 4128 739 4207 exagitas.
781 4129 891 4189 Verum
912 4150 991 4189 nunc
1014 4150 1108 4210 usque
1129 4133 1204 4193 adeo
1227 4135 1361 4197 infelices

271 4232 382 4287 sumus,
402 4225 435 4275 ut
455 4217 503 4277 isti
521 4219 607 4280 liceat
624 4231 708 4281 entra
725 4239 845 4281 causam
858 4222 1021 4293 conviciari,
1037 4234 1124 4303 atque
1142 4226 1241 4285 omnia
1254 4228 1361 4299 facere,

272 4326 309 4367 ne
331 4325 426 4366 meum
451 4310 520 4369 mibi
534 4314 584 4391 jus
608 4313 769 4375 tribuatur:
790 4334 837 4375 me
858 4327 955 4375 autern
974 4316 1098 4377 fortasse
1119 4318 1361 4398 objurgabitis,oi
1451 4364 1452 4404 ÷

271 4400 372 4461 dixero
384 4403 628 4481 quemadmodum
648 4407 704 4471 iste
723 4407 754 4468 in
772 4410 846 4470 urbe
866 4408 1039 4471 circumiens
1051 4428 1113 4471 rein
1128 4411 1227 4472 faciat.
1268 4413 1359 4495 quue
