2967 5017
415 371 419 378 ·
473 333 519 394 ru
541 310 884 398 crasmrsortnnm.
1166 327 1220 394 101
1288 399 1292 405 ,
1395 392 1397 401 Α

126 489 157 549 iu
170 489 273 552 urben
284 487 459 565 munus,
471 491 573 572 pr'unh
586 490 705 570 quidem
717 488 898 571 temporibus
911 485 1120 548 tremebundus
1136 483 1225 548 horno

126 583 193 655 tuit,
205 590 239 642 et
246 582 497 644 semimortuusin
506 583 681 646 comionsm
694 600 868 663 progressu
880 580 1040 661 posmlnrit
1051 590 1085 640 ut
1098 599 1130 639 se
1144 579 1226 658 pacis

127 674 283 737 cnswdeur
302 677 450 736 metuatis.
480 677 544 736 Vos
564 686 664 738 autem
683 675 767 737 initio
778 693 826 748 ,ne
847 693 955 736 nomen
974 674 1093 752 quidem
1116 670 1228 734 Demo·

15 777 23 784 ·
128 763 240 825 athenis
266 766 392 828 dscretis
414 767 542 829 adscrrhi
567 754 750 848 permisistis,
777 766 830 828 sed
852 766 910 828 huc
933 767 1070 845 segatium
1092 763 1228 826 Nausiali

127 855 307 917 mxnduds:
324 857 466 937 jamvero
476 859 533 918 iste
542 858 629 920 etism
638 876 776 920 coronam
787 857 842 918 sihi
853 856 952 918 deberi
963 855 1124 918 contendit.
1146 855 1228 914 Mor·

127 957 181 1008 tuo
199 946 306 1008 deiude
317 948 464 1030 Philippo,
477 960 509 1010 et
527 949 696 1010 Alexam
714 948 754 1009 ad
774 949 858 1028 regni
878 948 1095 1008 successionem
1114 955 1230 1020 comto,

127 1040 310 1104 nnumiate
322 1040 486 1120 prurigine
498 1051 531 1102 et
549 1051 685 1121 portenta
704 1040 841 1115 moliens,
860 1039 970 1100 sacella
987 1038 1131 1100 exstruxit
1151 1037 1230 1114 Pau·¹

129 1132 231 1205 mie,
252 1142 284 1192 et
301 1143 437 1193 aenatum
454 1132 486 1192 in
506 1131 708 1210 granulationis
729 1143 762 1192 et
779 1131 914 1194 sacrificii
937 1133 971 1190 ol>
992 1132 1082 1190 hrum
1104 1131 1231 1190 nunciam

130 1221 200 1282 lecti
213 1223 323 1286 crimen
335 1223 472 1301 conjecit,
482 1222 654 1286 Alex'andro
664 1232 764 1284 autem
787 1222 926 1300 Margine
937 1239 1101 1300 cognomen
1114 1220 1231 1294 indidit,

130 1314 649 1394 ausuqueestadirmarefflnnquam
659 1312 941 1374 eumeldecedonia
952 1313 1058 1390 pedem
1068 1311 1229 1382 elaturum

130 1404 203 1463 satis
212 1404 468 1475 rerohahiturum‚
476 1406 502 1464 si
512 1404 605 1466 Pella
614 1405 817 1466 deambularet
826 1413 858 1464 et
866 1411 935 1462 exte
945 1402 1110 1481 inspiceret.
1132 1404 1231 1482 Atque

124 1494 198 1572 ‘hee
209 1513 243 1554 se
261 1494 359 1556 dicere
370 1495 561 1575 prndicahst,
573 1515 634 1556 non
647 1499 819 1574 conjectura
831 1494 962 1568 ductum,
975 1492 1029 1553 aed
1051 1493 1132 1571 quod
1151 1503 1233 1554 certo

131 1583 230 1658 sciret,
241 1585 376 1647 virtutm
390 1605 450 1646 non
462 1586 519 1648 nisi
535 1588 678 1667 snguine
689 1587 864 1668 comparari,
881 1587 945 1666 ipsa
957 1583 1075 1665 penitus
1089 1586 1232 1668 sanguine

105 1701 112 1711 ·
132 1675 302 1748 destitutus,
325 1688 357 1738 et
376 1679 576 1741 Alexandrum
596 1697 657 1739 non
670 1697 708 1740 ex
727 1677 889 1740 Alexandri
910 1675 1038 1756 iugenio,
1060 1675 1113 1736 sed
1128 1685 1232 1756 suapte

133 1765 254 1845 ignaris
275 1768 437 1830 dimmsns.
477 1771 554 1830 Cum
576 1790 646 1832 vero
673 1771 859 1832 censuissent
878 1769 941 1849 jam
963 1767 1099 1830 Thessali
1122 1769 1234 1830 civitati
1282 1839 1289 1846 ,

134 1866 243 1918 nosue
254 1858 365 1919 bellum
378 1859 570 1934 inferendam,
590 1871 621 1922 et
634 1862 755 1938 juvenis
769 1859 919 1940 principio,
934 1878 1029 1938 neque
1042 1859 1157 1939 injuria,
1170 1859 1232 1919 irri-

134 1958 214 2010 tatus
227 1961 316 2025 esset,
328 1970 456 2032 cumque
465 1961 564 2012 cestra
570 1952 635 2032 jam
648 1954 688 2012 ad
701 1953 822 2018 Thebas
834 1951 1072 2024 admoverentur,
1086 1942 1202 2030 legatus
1215 1969 1236 2012 e
1307 1997 1310 2005 .

134 2041 218 2102 robis
231 2043 364 2106 delectus
384 2043 580 2105 Demosthenes
592 2055 708 2124 arrepta
720 2042 793 2124 fuga
805 2063 822 2104 e
845 2043 942 2105 medio
957 2043 1124 2104 Cithaerone
1138 2053 1235 2104 r'erer·

134 2151 185 2192 ans
198 2143 254 2205 est,
269 2153 366 2214 nequo
378 2136 408 2196 in
421 2154 497 2216 pace
510 2155 607 2214 neque
615 2137 646 2196 in
655 2134 734 2196 hello
744 2135 844 2196 utilem
855 2155 889 2195 se
901 2135 994 2196 civem
1008 2136 1077 2211 reip.
1088 2135 1234 2214 praehens.

137 2224 177 2282 Et
188 2225 268 2304 qnod
281 2237 329 2286 est
340 2226 470 2288 ornninm
484 2227 715 2302 acerbissimum,
729 2247 782 2287 ros
795 2245 863 2286 enm
875 2245 937 2286 non
946 2224 1125 2305 prodidistis,
1140 2245 1235 2304 nequo

138 2316 169 2376 in
177 2316 323 2395 judicium
337 2337 437 2380 coram
456 2319 580 2381 consilio
594 2317 766 2382 meoomm
780 2317 887 2378 adduci
901 2316 1088 2396 permisistis:
1110 2316 1160 2377 ille
1182 2335 1235 2376 au·

137 2420 197 2466 tem
209 2426 262 2466 ros
271 2413 333 2482 jarn
345 2409 436 2488 plane
449 2409 590 2486 prodidit,
607 2411 634 2469 si
652 2409 772 2490 quidem
785 2422 855 2468 sera
870 2419 939 2468 sunt
948 2425 1015 2485 qum
1028 2407 1174 2467 dicuntur.
1294 2421 1302 2437 ·

179 2499 230 2556 61.
251 2497 296 2557 Ut
306 2498 385 2556 enim
398 2499 480 2557 aiunt
490 2499 594 2574 parelii
606 2501 742 2576 iiquequi
755 2499 844 2582 legati
858 2499 897 2566 ed
907 2497 1108 2558 Alexandrum
1117 2499 1240 2578 proiecti
1348 2539 1352 2546 ·

108 2648 113 2654 .
137 2597 278 2648 sunt-et
287 2587 328 2646 rei
339 2588 441 2646 merito
455 2605 527 2645 sane
541 2586 697 2646 adhibetur
705 2587 831 2658 fides-,
840 2598 887 2644 est
897 2587 1027 2647 Aristion
1040 2590 1158 2667 quidem
1168 2591 1237 2652 Pla·
1325 2623 1328 2635 ·

136 2682 248 2750 tricus,
273 2677 434 2738 Aristobuli
459 2675 704 2756 pharmacopola,
726 2675 751 2733 si
772 2677 838 2752 quis
859 2675 934 2735 torte
947 2689 1074 2736 sanum
1095 2684 1240 2758 cognorit,

139 2771 227 2830 lilius.
259 2771 289 2829 ls
312 2768 470 2848 aliquando
492 2766 678 2839 adolescens,
696 2786 768 2826 cum
786 2766 848 2826 suis
868 2767 1032 2845 equalibus
1048 2769 1143 2830 lomna
1154 2791 1240 2862 prce·

140 2871 241 2933 staret,
256 2861 306 2921 din
320 2860 350 2920 in
365 2858 570 2920 Demosthenis
582 2857 672 2919 domo
683 2858 903 2918 diversahatur:
924 2859 994 2937 quid
1006 2879 1078 2920 vero
1096 2874 1147 2922 aut
1160 2863 1240 2924 fece-

141 2955 179 3012 rit
191 2962 243 3012 aut
251 2971 356 3031 passus
367 2950 415 3020 sit,
429 2968 496 3010 cum
507 2948 628 3008 dubium
642 2959 731 3028 atque
742 2949 886 3010 incertum
901 2949 949 3022 sit,
963 2960 1024 3010 tum
1038 2970 1085 3012 res
1103 2952 1175 3014 mihi
1187 2975 1240 3016 ne·

140 3062 288 3124 quaquam
300 3043 383 3104 dictu
396 3052 443 3102 est
454 3043 587 3102 honesta.
629 3041 687 3100 Hic
700 3041 799 3120 igitur,
812 3051 846 3100 ut
859 3059 916 3120 ego
931 3041 1029 3116 audio,
1042 3063 1110 3104 cum
1124 3055 1155 3106 et
1172 3048 1240 3125 quis

143 3144 223 3196 esset
240 3144 272 3194 et
290 3135 440 3218 quomodo
457 3142 545 3194 antea
561 3132 667 3192 vixerit
688 3119 896 3194 neminiesset
914 3143 1108 3214 compertum,
1124 3137 1155 3195 in
1171 3138 1241 3198 Ale-

143 3227 248 3288 xandri
260 3227 384 3306 gratiam
395 3225 537 3305 subrepit,
551 3233 661 3285 etcum
674 3243 710 3284 eo
723 3224 901 3286 familiariter
921 3235 1062 3286 versatur.
1087 3226 1146 3286 Per
1161 3228 1240 3290 hunc

143 3317 361 3378 Demosthenes
375 3318 471 3377 missis
484 3316 524 3377 ad
538 3315 738 3377 Alexandrum
752 3315 854 3390 literis,
869 3317 978 3397 aliquid
992 3317 1111 3378 tandem
1135 3321 1243 3380 securi·

143 3411 213 3471 tatis
232 3418 338 3469 nactus
358 3419 406 3468 est
426 3419 458 3469 et
479 3407 581 3488 gratim
600 3405 877 3482 reconciliationem,
895 3409 1051 3489 multisque
1071 3431 1137 3472 eum
1158 3413 1244 3472 blen-

143 3503 224 3564 ditiis
238 3499 418 3560 demulcirit.
458 3500 534 3560 Inde
547 3508 646 3560 autem
659 3508 802 3578 spectate,
823 3520 912 3580 quam
925 3500 1011 3561 valde
1023 3521 1071 3560 res
1088 3502 1128 3562 sit
1147 3503 1243 3562 crimi-

145 3593 258 3654 nationi
271 3601 480 3652 consentanee.

185 3685 238 3754 62.
260 3683 376 3743 Nomai
397 3677 472 3761 qnid
481 3681 584 3742 horum
598 3699 698 3742 resera
717 3683 839 3743 sentiret
851 3681 1082 3754 Demosthenes,
1097 3683 1122 3743 si
1143 3684 1243 3746 hostili

145 3777 177 3836 in
190 3774 401 3846 Alexandrum,
410 3771 453 3832 uti
460 3772 566 3853 jactat,
579 3782 658 3833 esset
677 3772 786 3846 animo,
799 3773 855 3836 tria
866 3771 894 3832 ei
907 3772 1101 3852 pulcherrima
1112 3782 1246 3854 tempora

147 3867 248 3928 oblata
261 3875 339 3939 sunt,
351 3882 475 3944 quorum
495 3863 577 3924 nullo
595 3873 630 3924 ut
646 3863 760 3926 videtur
781 3882 912 3943 unquam
927 3875 973 3925 cst
996 3885 1078 3926 usus.
1113 3865 1243 3926 Primum

147 3978 217 4020 eum
235 3957 373 4034 integrm
394 3975 454 4016 non
478 3955 521 4014 ita
540 3955 654 4034 pridem
674 3952 851 4016 constitutus
869 3955 1049 4030 Alexander,
1072 3957 1133 4016 suis
1156 3960 1244 4018 reb'us

147 4050 281 4109 nondmn
293 4047 365 4107 satis
379 4046 560 4125 compositis,
572 4047 604 4106 iu
616 4045 886 4118 Asiam'transiretr
909 4045 1066 4112 Persarum
1080 4057 1178 4110 autem
1196 4067 1246 4110 rex

149 4141 255 4211 classe,
269 4138 404 4218 pecunia,
421 4137 554 4217 peditatu
566 4137 692 4209 flomret,
705 4133 888 4216 libenterque
900 4155 954 4198 vos
966 4139 995 4197 in
1011 4138 1180 4200 societatem
1200 4159 1246 4200 re·

150 4232 278 4312 cepisset
285 4237 404 4310 propter
415 4248 453 4291 ea
465 4229 601 4308 quaasihi
613 4227 669 4308 ipsi
682 4227 858 4306 ingruebant
870 4227 1011 4307 pericula.
1039 4228 1119 4290 Num
1134 4239 1166 4290 tu
1181 4249 1247 4292 ura·

150 4325 259 4386 tionem
278 4333 350 4384 tunc
370 4341 461 4386 imam
472 4322 611 4408 hahuisti,
626 4319 852 4392 Demosthenes,
874 4320 1000 4384 ullumve
1013 4321 1163 4383 decrmurn
1176 4342 1248 4384 con-
1400 4369 1406 4382 .

152 4416 318 4496 scripsistil
338 4416 392 4478 Vis
414 4425 522 4496 ponam
542 4413 680 4476 memisse
699 4423 730 4474 te
743 4423 853 4494 tuoque
871 4413 988 4492 ingenio
1011 4411 1250 4476 ohsecmdessel
1383 4465 1388 4478 r
