2967 5017
256 318 318 382 774
615 314 784 377 CONTRA
806 312 1002 377 NEAERAM.

255 490 357 535 anem
368 472 557 545 nemaeum,
576 448 653 535 ratu
673 472 819 535 nomeu
842 469 985 531 erenum
1004 466 1084 529 eru
1105 475 1137 529 a
1156 464 1353 537 cuonem,

254 586 342 647 quarn
365 586 445 629 nuno
459 567 634 647 ,Spintharue
653 567 690 627 ah
713 584 751 626 so
769 574 915 625 mercena
934 572 984 623 est
1002 573 1116 641 neptem
1131 558 1230 621 minis.
1270 558 1353 621 liam

255 676 327 739 opes
346 658 488 739 Stephani
505 670 567 718 tum
580 658 628 719 hee
646 668 739 731 erent,
760 666 959 738 praetereaque
980 654 1183 731 nihileierat.
1224 651 1353 713 Duabua

254 762 351 813 autem
362 752 400 813 de
413 754 510 815 causis
522 772 587 813 earn
597 751 731 825 duxerat,
746 760 824 811 utet
836 750 901 811 aine
914 758 1031 827 sumptu
1043 756 1133 827 atque
1145 746 1281 806 immun‘m
1292 746 1354 807 lor·

254 864 372 906 mosum
384 856 512 907 scortum
526 846 657 919 haberet,
671 854 702 907 et
714 844 818 905 mulier
830 843 869 903 ad
881 842 991 903 uictum
1011 838 1178 901 necessaria
1194 848 1352 917 quaereret,

253 936 452 1019 familiamque
465 948 664 1008 sustentarett
685 957 782 1019 neque
800 936 879 1007 onim
899 936 957 998 iste
975 935 1054 995 ullos
1071 933 1145 996 alios
1156 933 1288 993 hahebat
1306 952 1354 992 re·

192 1082 201 1093 ,
254 1030 345 1103 ditur,
358 1031 414 1092 nisi
432 1032 506 1093 lorte
518 1031 590 1112 quid
601 1052 654 1111 per
667 1030 831 1093 calumnias
843 1027 1025 1089 extorsisset
1066 1025 1195 1107 Phrynio
1207 1026 1354 1097 rero,ubi

255 1124 416 1186 audivisset
436 1143 501 1185 eam
525 1125 555 1185 in
574 1125 645 1185 urbe
669 1143 745 1195 esse,
759 1133 790 1183 et
811 1121 891 1201 apud
913 1122 1003 1181 istum
1021 1119 1172 1192 divmsari,
1192 1116 1351 1198 msumptis

255 1234 357 1277 secum
371 1216 617 1289 adolescentibus,
630 1226 660 1279 et
683 1216 721 1277 ed
744 1215 822 1276 edes
835 1232 993 1296 aggressus
1008 1210 1163 1292 Stephani,
1176 1229 1242 1271 eam
1260 1209 1351 1270 duce·

256 1310 325 1377 bat;
346 1319 496 1369 asserente
516 1319 613 1369 autem
634 1328 699 1371 eam
713 1307 866 1390 Stephano
884 1304 1047 1369 secundum
1064 1304 1162 1385 legem
1181 1302 1213 1363 in
1233 1302 1351 1365 liberta·

256 1411 326 1475 tem,
341 1402 420 1481 apud
434 1401 612 1463 belliducem
625 1402 784 1483 sponsione
799 1401 879 1461 illam
893 1396 1059 1462 obstrinxit.
1099 1398 1144 1459 Ac
1165 1406 1200 1456 ut
1221 1415 1271 1462 me
1282 1415 1352 1457 aera

256 1494 354 1557 dicere
377 1503 502 1567 constet,
523 1492 627 1557 horum
643 1504 749 1555 testem
767 1512 835 1556 euru
858 1493 966 1572 ipsum,
979 1492 1030 1571 qui
1051 1500 1116 1551 turn
1142 1486 1351 1550 Polemarchus

255 1586 321 1661 fuit,
334 1585 490 1649 adducam.
531 1584 616 1647 Voce
628 1584 698 1646 mihi
711 1586 817 1647 Aetam
830 1582 990 1644 Ciriadem.

560 1760 569 1781 ²
651 1751 957 1813 TESTIMONIUM.

290 1870 361 1918 detes
379 1870 487 1923 crendes
503 1878 609 1927 testatur,
621 1886 647 1919 se
662 1870 780 1919 bellidoce
794 1870 918 1931 spondens
935 1870 1059 1932 obligatam
1071 1869 1178 1916 Nemeam
1191 1880 1255 1915 mac
1265 1880 1353 1915 ma

256 1946 393 2009 Phrynioaa
413 1948 484 1999 sralre
497 1946 660 2011 Democharis,
672 1954 696 1994 et
708 1948 800 1993 ΝΜ
811 1946 881 1993 vades
895 1961 947 1993 ease
956 1946 1040 2012 laetps,
1050 1945 1192 2009 Stpphuur
1207 1944 1353 2001 Eundem,

255 2025 391 2073 Glaucetem
403 2023 587 2087 Cephisiensern,
597 2029 620 2071 et
628 2022 795 2071 Aristocraten
804 2022 949 2069 Phalereuur.
1119 2017 1124 2027 ⁴

300 2138 346 2197 13.
370 2134 534 2215 Spouaicne
556 2154 608 2214 per
631 2135 815 2216 Stephanum
833 2134 966 2209 liberata,
980 2135 1060 2214 apud
1073 2154 1141 2195 eum
1159 2152 1353 2207 commorans,

254 2227 382 2287 eundern
392 2238 540 2307 quaestum
555 2228 755 2301 nihilominus,
768 2246 857 2309 quem
870 2238 959 2289 autea
970 2228 1138 2301 factitabat,
1154 2228 1211 2289 sed
1227 2229 1353 2311 maiores

254 2320 405 2381 mercedes
418 2320 563 2401 exigebat,
578 2321 604 2381 si
616 2320 681 2399 quis
700 2338 770 2395 cum
789 2340 828 2381 sa
847 2339 910 2381 rem
921 2320 1028 2381 habere
1041 2321 1149 2389 rellet3
1171 2331 1206 2381 ut
1216 2340 1284 2400 quse
1292 2322 1355 2401 jem

254 2420 429 2491 praetextum
440 2412 561 2474 haberet
573 2432 635 2473 suae
650 2412 848 2494 turpitudinis,
862 2422 894 2473 et
906 2423 1000 2493 nupta
1012 2424 1102 2474 esset
1143 2412 1317 2475 calumnias
1326 2424 1356 2475 et

255 2504 311 2565 iste
326 2504 493 2584 adjurabat,
507 2504 531 2564 si
546 2524 633 2584 quern
647 2504 803 2585 hospitem,
818 2506 962 2586 ignotum,
975 2504 1103 2578 divitem,
1117 2507 1183 2584 ejus
1195 2516 1356 2567 amatorem

255 2597 507 2679 deprehendisset,
520 2618 573 2680 pro
596 2598 729 2661 adultero
753 2600 833 2659 intus
855 2600 1021 2673 includens,
1037 2609 1070 2672 et
1091 2598 1205 2679 argenti
1228 2598 1354 2661 multum

255 2702 440 2771 extorquens·
482 2692 548 2767 Neq
561 2692 675 2773 injuria.
717 2692 796 2754 Nam
815 2713 863 2755 res
880 2693 1030 2754 lamilmris
1044 2712 1100 2753 nec
1116 2692 1268 2772 Stephano
1281 2702 1356 2767 atat,

256 2803 312 2846 uec
325 2786 457 2861 Neaerae,
471 2785 550 2847 unde
558 2786 742 2866 quotidianos
756 2796 891 2868 sumptus
899 2788 1042 2848 sustinere
1055 2798 1197 2867 possent;
1216 2804 1356 2865 expenso

257 2886 355 2937 autem
368 2879 522 2959 permultae
535 2889 628 2953 erant,
649 2879 730 2959 quod
743 2889 776 2940 et
786 2878 886 2953 istum,
899 2890 929 2938 et
946 2898 998 2954 se,
1007 2887 1039 2939 et
1058 2889 1117 2939 tres
1139 2877 1259 2951 liberos,
1278 2898 1355 2959 quos

256 2967 308 3031 illa
321 2989 421 3031 secum
435 2971 609 3047 adduxerat,
621 2980 652 3032 et
663 2972 739 3032 dues
757 2970 890 3043 ancillas,
903 2981 935 3030 et
952 2989 1079 3049 puerum
1097 2968 1264 3030 ministrum
1275 2970 1356 3031 alere

256 3071 414 3141 oporteret,
424 3064 583 3142 praesertim
597 3082 688 3141 quum
700 3064 777 3123 bene
790 3060 920 3123 victitare
934 3062 1094 3136 didicisset,
1108 3063 1146 3123 eb
1159 3063 1225 3123 aliis
1238 3074 1357 3125 susten·

256 3160 318 3211 tata
331 3153 422 3231 prius.
465 3154 571 3232 Neque
584 3154 661 3213 enim
675 3174 690 3213 e
705 3153 857 3233 republica
874 3154 985 3216 reditus
1005 3155 1103 3235 aliquo
1117 3155 1235 3216 nomine
1248 3156 1355 3235 dignos

256 3241 384 3303 habebat
397 3244 652 3323 Stephanus,-ut
664 3246 711 3325 qui
732 3246 863 3307 nondum
879 3257 977 3307 orator
989 3258 1079 3322 esset,
1094 3247 1147 3309 sed
1159 3247 1355 3321 calumniator

257 3333 364 3407 adhuc,
377 3355 415 3395 ex
436 3354 535 3395 eorum
549 3356 670 3398 nurnero
684 3338 735 3417 qui
749 3338 787 3398 ed
800 3342 972 3417 suggestum
986 3340 1163 3413 acclamant,
1176 3349 1207 3400 et
1219 3341 1355 3405 mercede

256 3438 408 3500 accusant,
422 3438 453 3488 et
466 3427 607 3500 indicant,
624 3441 654 3491 et
667 3430 771 3491 alienis
790 3432 942 3492 sententiis
955 3432 1194 3507 subscribunt—‚
1208 3433 1305 3495 donec
1324 3433 1356 3494 in

257 3518 421 3581 clientelam
436 3520 596 3583 callistrati
609 3522 765 3603 Aphidnaei
783 3543 816 3596 se
838 3524 1003 3585 insinuavit
1046 3528 1114 3596 Quo
1126 3546 1196 3587 vero
1212 3536 1313 3606 pacto,
1328 3535 1358 3588 et

256 3632 345 3693 quam
360 3614 399 3674 ob
420 3632 550 3687 causam,
575 3616 604 3675 id
620 3635 735 3697 quoque
749 3618 831 3678 vohis
846 3620 979 3692 nanabo,
994 3621 1044 3680 ubi
1056 3619 1183 3699 primum
1192 3622 1233 3681 de
1247 3620 1356 3681 Neaera

256 3707 313 3769 hac
333 3708 498 3782 ostendero,
520 3729 585 3770 eam
599 3730 665 3771 esse
684 3712 878 3791 peregrinam,
897 3714 1070 3794 magnisque
1082 3734 1136 3775 vos
1155 3712 1292 3776 affecisse
1309 3713 1356 3773 in·

251 3802 347 3881 iuriis,
362 3812 393 3862 et
404 3801 435 3861 in
448 3802 522 3862 deos
542 3803 660 3882 impiam
676 3804 836 3877 exstitisse,
857 3816 892 3865 ut
911 3807 1108 3887 cognoscatis,
1121 3807 1218 3887 ipsum
1235 3826 1354 3891 quoque

256 3893 378 3973 dignum
393 3914 458 3957 esse
474 3914 533 3956 nou
547 3896 649 3957 minori
665 3897 819 3979 supplicio,
831 3918 919 3978 quam
929 3900 1074 3972 Neaeram,
1095 3900 1149 3960 sed
1163 3899 1256 3960 multo
1266 3899 1356 3961 etiam

257 3988 378 4067 majore,
396 4000 539 4069 tantoque
559 3990 664 4071 magis,
687 3991 769 4071 quod
795 4012 829 4051 se
847 3992 1057 4053 Atheniensem
1081 4012 1148 4053 esse
1170 4011 1241 4053 cum
1265 3992 1354 4066 dicat,

257 4097 350 4159 usque
364 4082 440 4143 adeo
454 4094 486 4143 et
496 4082 577 4163 leges
591 4084 776 4165 contempsit,
789 4096 822 4145 et
833 4105 897 4158 vos,
907 4094 938 4145 et
951 4084 1035 4157 deos,
1047 4086 1098 4165 qui
1110 4085 1225 4166 pudore
1237 4097 1269 4146 et
1281 4104 1355 4147 con·

257 4171 379 4233 scientia
391 4194 512 4237 suorum
525 4177 668 4238 scelerum
681 4196 740 4238 uon
756 4188 802 4238 est
812 4177 971 4253 adductus,
983 4191 1017 4240 ut
1026 4180 1202 4260 quiesceret,
1213 4178 1269 4240 sed
1282 4178 1353 4239 dum

257 4271 288 4323 et
301 4264 385 4339 alios,
396 4278 429 4329 et
440 4289 487 4330 me
500 4270 669 4333 calumniari
682 4291 742 4332 non
756 4271 881 4343 dubitat,
898 4272 1005 4347 effecit,
1019 4285 1053 4335 ut
1071 4283 1103 4334 et
1125 4275 1199 4354 ipee,
1211 4283 1243 4335 et
1255 4270 1314 4333 ista
1324 4274 1355 4333 in

257 4356 421 4437 periculum
440 4362 646 4441 adduceretur,
666 4376 701 4427 ut
722 4374 754 4447 et
773 4364 825 4428 illa
845 4366 941 4447 qualis
964 4367 1003 4428 sit
1021 4367 1199 4449 exploretur,
1219 4376 1253 4427 et
1269 4367 1356 4429 istius

257 4448 427 4531 improbitas
440 4468 626 4535 coarguatur.
