2967 5017
137 293 138 299 ‘
199 329 217 336 ⁴·
246 319 305 378 ess
606 319 692 378 reo
712 320 980 382 Phohmortlt.
1071 333 1089 361 -·

654 567 920 670 resmnonrs„

243 759 324 840 Lege
338 759 505 839 etiamque
518 751 697 840 puhiioe'hio
710 761 739 820 in
753 762 899 823 civitatem
911 763 1076 823 contulerit.

651 945 921 1036 resrlnronm.
1038 997 1044 1005 ·

281 1118 333 1174 20.
346 1113 484 1182 Phormio
497 1116 593 1196 igitur,
605 1115 813 1190 Athenienses,
826 1127 871 1178 tot
881 1126 912 1176 et
922 1115 1013 1176 ternis
1022 1115 1052 1176 in
1067 1115 1198 1195 rempub.
1210 1115 1335 1176 multos.-

241 1225 299 1286 que
309 1215 439 1268 restrum
449 1207 563 1268 eoliotis
571 1207 729 1280 benefieiis,
738 1209 855 1268 nemine
863 1208 910 1268 rel
919 1208 1035 1286 publice
1047 1209 1096 1267 vei
1108 1207 1241 1287 privatim
1250 1207 1335 1278 hero,

241 1317 297 1358 neo
316 1298 438 1378 injurius
461 1299 490 1357 in
506 1297 729 1380 Apollodorum,
743 1310 879 1379 precetur
893 1299 1095 1378 supplicetque
1111 1309 1143 1358 et
1155 1299 1336 1379 postuletne

240 1391 460 1461 consenserim
475 1411 529 1452 nos
547 1391 610 1472 ejus
632 1392 788 1452 familiares
803 1393 907 1451 eodem
929 1411 1084 1470 precamur
1103 1412 1127 1451 e.
1139 1391 1239 1451 vobis:
1260 1391 1336 1451 iilud

239 1500 308 1541 vero
321 1482 402 1542 vobis
415 1480 593 1540 audiendum
606 1491 659 1541 est.
701 1484 823 1542 Lectum
838 1493 894 1553 est,
908 1481 1114 1552 Athenienses,
1127 1481 1209 1542 hunc
1222 1491 1336 1543 tentum

238 1567 393 1652 poouninn
418 1573 619 1653 suppeditasse
642 1574 736 1646 vohis,
760 1584 899 1652 qusntsm
928 1593 984 1632 neo
1012 1573 1084 1651 ipse,
1103 1593 1158 1634 nec
1180 1575 1332 1654 quisquam

238 1665 313 1728 eiius
326 1667 467 1746 possidet.
510 1666 597 1725 Fides
610 1677 707 1726 tomen
721 1665 889 1726 Phormioni
908 1666 988 1744 opud
999 1677 1086 1726 notos
1101 1678 1145 1727 est
1158 1679 1188 1727 et
1201 1677 1292 1728 tento
1304 1675 1336 1725 et

238 1759 331 1818 multo
342 1759 459 1837 majoris
473 1761 616 1839 pecunie,
627 1780 677 1840 per
690 1755 779 1840 quem
792 1770 823 1819 et
836 1759 899 1839 ipse
909 1759 964 1820 sibi
975 1760 1096 1838 prodest
1109 1771 1139 1819 et
1147 1761 1240 1821 vobis.
1258 1761 1335 1829 Qum

236 1869 275 1909 ne
288 1851 475 1930 projeceritis,
487 1870 582 1927 neque
593 1852 630 1909 ab
645 1852 759 1928 impuro
773 1850 829 1907 isto
839 1849 958 1908 homine
966 1851 1056 1908 everti
1069 1850 1229 1934 potiemini,
1237 1869 1336 1936 neque

236 1941 318 2002 foedo
341 1941 477 2018 exemplo
496 1942 620 2010 sancite,
634 1939 719 1998 licere
740 1939 939 2016 petulantibus
957 1939 1122 1996 hominihus
1144 1947 1175 1996 et
1191 1939 1337 2000 columni-

238 2031 366 2091 atoribus
378 2049 452 2108 opes
467 2048 565 2088 eorum
579 2021 629 2107 dui
652 2047 712 2087 rem
726 2028 884 2096 faciontes
901 2028 1052 2088 moderate
1065 2027 1155 2086 vitem
1176 2029 1336 2092 instituunt

237 2120 351 2181 evehis
365 2107 528 2200 impetrem.
571 2117 672 2198 Longe
694 2119 772 2178 enim
791 2129 913 2198 prestet
932 2119 1076 2198 vobisque
1096 2119 1197 2178 utilius
1212 2130 1261 2178 est
1279 2140 1334 2181 ees

236 2231 328 2292 penes
348 2211 429 2276 huno
448 2231 524 2271 esse.
565 2210 680 2270 Videtis
700 2209 777 2270 enim
791 2209 847 2290 ipsi
867 2221 899 2270 et
917 2209 1025 2270 auditis
1036 2231 1054 2270 e
1067 2209 1201 2282 testibus,
1216 2197 1333 2289 speeiem

237 2324 269 2365 se
283 2313 363 2386 erge·
373 2305 517 2383 supplices
532 2305 676 2386 praebeam
697 2321 820 2380 quorum
842 2301 914 2362 nihil
929 2303 1076 2382 augendos
1087 2303 1221 2381 peounire
1235 2303 1333 2364 studio

235 2395 315 2468 iecit,
328 2398 381 2458 sed
394 2394 574 2455 humanitate
588 2403 619 2452 et
632 2393 719 2454 enimi
733 2393 882 2455 foeditate.

277 2490 328 2547 ul.
349 2487 417 2546 Non
431 2487 518 2548 decet
528 2486 625 2565 igitur,
638 2484 843 2557 Athenienses,
854 2486 943 2546 telem
954 2485 1046 2544 vinum
1064 2485 1114 2544 isti
1130 2485 1238 2564 praedre
1252 2498 1330 2557 esse,

236 2599 271 2640 so
285 2571 347 2638 tum
361 2577 478 2638 demum
492 2578 620 2657 rosejus
632 2576 760 2638 misereri
774 2596 841 2636 oum
855 2595 891 2636 ee
903 2576 1100 2637 misericordis
1112 2576 1184 2634 nihil
1199 2576 1227 2635 ei
1241 2577 1330 2655 prod-

235 2671 300 2743 erit,
323 2690 403 2731 nuno
422 2670 593 2730 miseremini
617 2671 686 2730 dum
705 2674 768 2745 ejus
790 2668 870 2731 salus
884 2669 915 2728 in
928 2678 1131 2729 vestre'menu
1145 2680 1211 2728 est:
1233 2689 1330 2748 neque

235 2763 312 2824 euim
332 2783 389 2842 ego
407 2762 499 2821 ullum
518 2773 632 2841 tempus
650 2781 715 2822 esee
729 2760 830 2834 ¹uideo,
846 2780 906 2839 qno
919 2761 985 2839 quis
1000 2761 1027 2820 ei
1040 2759 1221 2820 commodius
1234 2761 1331 2839 opitu·

234 2855 320 2916 ieeur.
361 2857 461 2916 Verhe
473 2865 571 2916 nutem
584 2849 687 2928 multo,
700 2853 808 2932 quibos
821 2852 1021 2932 Apollodorus
1034 2862 1139 2921 otetur,
1154 2869 1250 2929 nugas
1264 2871 1331 2911 esse

236 2957 266 3009 et
279 2949 440 3008 calumnias
455 2957 590 3027 putatote
602 2973 611 3022 ;
628 2930 730 3024 jube‘te
750 2944 851 3022 potius
863 2961 931 3001 eum
943 2943 1027 3001 vohis
1040 2944 1252 3012 demonstrare,
1267 2954 1329 3015 eut,

234 3059 295 3101 uon
319 3041 359 3099 ite
372 3039 528 3098 mendasse
545 3045 655 3114 petrem
669 3035 742 3112 ejus,
763 3045 824 3103 eut,
837 3053 903 3092 esse
922 3032 1009 3092 aliem
1023 3034 1189 3113 quempiam
1207 3034 1328 3094 iocatio-

234 3149 303 3188 nem
324 3138 430 3206 proeter
452 3145 516 3184 eom
535 3143 622 3202 quam
647 3143 700 3182 nos
724 3121 917 3193 ostendimus,
931 3133 992 3194 eut,
1013 3143 1046 3184 se
1070 3144 1129 3182 non
1151 3124 1330 3202 transegisse

235 3217 381 3276 subducto
395 3215 505 3274 ratione
516 3215 612 3274 omnia
624 3214 675 3275 ilie
688 3214 811 3274 crimino
825 3233 893 3292 qum
903 3215 1042 3292 cognorit
1052 3225 1084 3274 et
1098 3233 1181 3274 socer
1192 3226 1223 3274 et
1233 3216 1330 3275 affinis
1430 3270 1435 3279 .

236 3311 300 3388 ejus
320 3308 377 3366 isto
389 3307 455 3386 ipso
469 3308 660 3378 concedente,
683 3318 746 3377 eut,
758 3307 848 3366 iieere
866 3305 980 3385 iegibus
994 3327 1041 3368 ree
1053 3309 1095 3367 its
1107 3318 1138 3367 et
1150 3317 1232 3366 notes
1246 3327 1330 3370 reso·

100 3401 103 3406 ’
139 3421 140 3424 ’
234 3418 304 3460 esre
316 3399 346 3458 in
354 3398 508 3477 judioium,
519 3399 577 3457 tsle
591 3399 680 3477 igitur
690 3395 801 3477 aliquid
813 3399 966 3458 ostendet:
988 3417 1056 3476 qum
1068 3418 1137 3457 oum
1150 3417 1211 3466 non
1222 3419 1330 3478 suppe-

235 3501 314 3562 tent,¹
323 3491 348 3550 si
361 3490 481 3549 crimine
495 3499 526 3548 et
537 3489 695 3550 meledicto
713 3490 828 3568 ingeret
844 3500 874 3548 et
893 3489 1141 3567 tergiversehitur‚
1152 3511 1190 3549 ne
1198 3491 1228 3549 ei
1242 3510 1329 3570 peru-

235 3580 325 3652 eritis,
339 3600 434 3658 neque
456 3599 509 3640 ros
529 3579 639 3641 clamor
658 3583 722 3659 ejus
740 3591 771 3641 et
792 3581 975 3661 impudentia
992 3580 1129 3660 decipiet,
1152 3583 1207 3642 sed
1226 3571 1354 3644 osvete'

235 3692 328 3752 esque
346 3671 534 3762 memineritis
554 3693 620 3751 quae
641 3673 758 3732 euobis
777 3671 938 3732 audivistis.
979 3674 1054 3738 Qum
1069 3673 1246 3747 sifeoeritis,
1260 3695 1349 3758 oum.

235 3765 332 3825 officio
355 3763 551 3842 religiosorum
567 3764 702 3843 judicum
722 3763 897 3842 fungemini,
911 3774 975 3824 tum
990 3763 1070 3824 hunc
1087 3769 1153 3841 jure
1173 3785 1329 3827 conserve-

235 3855 313 3927 bitis,
336 3856 458 3936 dignum
479 3854 689 3928 incolumitate,
715 3855 821 3914 Jovem
844 3857 986 3934 optimum
1008 3857 1166 3916 maximum
1187 3866 1279 3916 testor
1299 3866 1330 3917 et

237 3947 308 4009 deos
322 3950 479 4011 universos
526 3947 608 4026 Cape
621 3947 727 4026 legem,
739 3956 770 4005 et
782 3945 949 4005 testimonie
961 3943 1038 4019 hmo,
1051 3946 1153 4025 eisque
1166 3946 1268 4007 recito.

585 4149 670 4206 LEX.
714 4147 980 4209 TESTIMONIA.

235 4295 345 4357 Nescio
356 4295 444 4375 plura
465 4299 560 4360 dicere
577 4317 714 4380 quorsum
735 4299 878 4359 attineat:
898 4311 972 4379 puto
985 4302 1063 4362 enim
1082 4321 1134 4363 vos
1159 4294 1231 4363 nihii
1244 4302 1328 4382 igno-

173 4405 178 4432 *
235 4408 412 4451 tarseorum
427 4409 492 4469 qure
506 4392 640 4462 diximus.
683 4391 785 4452 Exime
799 4407 914 4470 equom.
1003 4414 1006 4418 ⁸
