2967 5017
246 347 307 408 648
605 345 651 404 ill
671 343 974 406 seuerissimi.

247 507 338 560 sunm
361 498 470 578 reliquid
491 499 536 558 bis
555 497 708 578 indignum
728 497 798 560 mibi
816 496 941 570 occidet,
962 497 1043 580 quod
1065 518 1103 560 ne
1122 499 1206 560 vobis
1218 499 1338 579 quidem

245 591 399 654 honestum
410 590 507 652 iussit.

286 689 337 747 llo.
347 687 423 745 Cum
436 695 534 746 sutem
547 685 639 746 mults
651 684 721 744 mibi
739 681 866 744 dicenda
878 691 987 754 essent,
998 681 1037 743 ‹le
1057 681 1168 760 injuriis
1181 690 1213 742 et
1230 693 1340 744 conto·

246 779 340 840 meliis
354 778 536 857 quibuscum
558 788 705 851 oneratus,
725 776 863 856 temporis
880 777 996 839 excludi
1015 795 1064 836 me
1083 775 1224 857 angustiis
1239 775 1336 838 video.

247 871 289 931 Ut
300 869 389 949 igitur
402 871 527 933 russinis
537 889 592 930 vos
605 889 707 931 omnes
725 869 888 930 existimem
901 866 1072 947 cognituros
1085 885 1214 928 summos
1225 869 1337 948 quibus

245 981 300 1022 nes
312 961 410 1022 effecti
430 981 530 1023 sumus
543 963 670 1042 injurios,
683 962 789 1023 dicem.
830 961 861 1020 Si
872 979 971 1021 secum
992 962 1337 1042 unusquisquerestrnm

245 1053 367 1133 cogitet,
378 1075 468 1134 quem
484 1055 565 1116 domi
583 1055 727 1117 famulum
748 1053 903 1134 reliquerit,
917 1073 953 1114 ac
972 1051 1079 1116 deinde
1096 1053 1190 1134 fingat
1202 1073 1235 1114 se
1248 1055 1287 1116 ab
1299 1075 1339 1114 eo

246 1147 317 1207 talia
330 1164 499 1228 perpessum
514 1149 590 1222 esse,
604 1147 702 1228 qualia
719 1167 775 1210 nos
797 1148 835 1208 nb
855 1147 1049 1227 isto—neque
1061 1148 1140 1208 enim
1152 1146 1184 1208 io
1198 1157 1336 1227 specten-

244 1237 315 1300 dum
327 1248 380 1310 eat,
402 1240 532 1320 Syrnsne
552 1261 590 1301 an
608 1241 725 1313 Manes,
739 1251 792 1301 sut
807 1241 941 1320 quisnam
955 1239 994 1300 sit
1014 1259 1114 1300 eorum
1132 1239 1264 1319 quilibet,
1277 1241 1338 1300 iste

246 1339 347 1392 sutem
360 1331 497 1393 Phormio
508 1335 565 1394 sit:
586 1353 632 1394 res
647 1334 820 1406 emendem,
839 1333 914 1394 servi
925 1341 958 1394 et
967 1332 1016 1393 isti
1029 1341 1108 1407 sont,
1121 1351 1221 1393 servus
1233 1343 1264 1393 et
1276 1333 1336 1394 iste

244 1423 371 1497 suitvos
387 1435 485 1486 autem
502 1425 622 1497 domini,
634 1427 770 1488 dominus
788 1437 819 1488 et
833 1448 890 1508 ego
907 1429 999 1489 fui-.
1025 1429 1108 1495 Quas
1127 1426 1217 1506 igitur
1233 1445 1337 1506 peenas

244 1519 582 1598 unusquisquerestrum
593 1519 1338 1596 sumendasexistimareteasotmibinuncsumen-

243 1609 491 1674 dmexistimate:
506 1623 537 1674 et
547 1633 615 1674 eum
626 1614 676 1694 qui
687 1633 734 1676 me
745 1613 996 1676 salsotestimonio
1008 1611 1155 1693 spoliavit,
1169 1609 1208 1671 ad
1217 1630 1335 1672 conser-

244 1703 356 1766 vandas
370 1705 451 1786 leges
466 1717 497 1767 et
505 1707 714 1788 jusjurandum
726 1727 784 1788 quo
798 1709 896 1770 adecti
909 1707 1029 1780 sedetis,
1042 1702 1233 1777 ulciscimini;
1244 1714 1277 1766 et
1284 1723 1338 1765 ex-

244 1795 373 1876 emplum
386 1797 416 1858 in
437 1819 472 1860 eo
491 1800 609 1862 statuite
629 1802 753 1874 cosmus,
767 1801 956 1862 recordantes
976 1819 1076 1861 corum
1094 1799 1305 1879 omniumque
1316 1815 1337 1858 e

244 1889 329 1948 nobis
342 1889 502 1965 audivistis,
509 1903 541 1952 et
553 1903 693 1954 caventes
707 1892 800 1952 sicubi
814 1912 866 1952 vos
879 1895 1020 1953 seducere
1033 1890 1221 1960 instituerint,
1234 1901 1266 1951 et
1275 1891 1339 1950 sin·

244 1981 367 2059 galatim
380 1981 422 2040 eis
432 1994 618 2041 occurrentes
630 1985 655 2040 si
665 2001 698 2040 se
708 2001 768 2041 non
783 1983 881 2042 omnia
896 1993 1019 2043 testatos
1032 2001 1095 2042 esse
1107 1981 1244 2040 dixer‘mt.
1273 1984 1340 2042 Cur

244 2069 376 2148 igitur-in
394 2071 505 2128 tabells
526 2071 664 2149 scriptum
685 2071 747 2131 esti
767 2091 819 2132 our
838 2074 926 2153 igitur
948 2085 1011 2133 tum
1032 2093 1091 2134 non
1104 2073 1248 2135 delebesl
1267 2095 1339 2154 qum

213 2179 221 2186 ·
244 2159 332 2238 igitur
342 2158 394 2218 ills
405 2169 453 2219 est
466 2161 545 2239 epod
554 2171 693 2240 pretores
707 2162 766 2223 litis
775 2167 972 2226 contestatio?
994 2167 1025 2227 si
1038 2166 1113 2228 elius
1137 2187 1180 2228 se
1202 2168 1218 2226 f
1225 2169 1339 2230 uisse

245 2250 318 2312 dixit
352 2253 422 2312 sub
444 2253 578 2313 tutela
604 2273 650 2314 ox
676 2263 932 2331 testamento,
959 2259 1034 2319 alius
1062 2261 1247 2340 gessisse
1276 2270 1338 2320 tu·

247 2346 380 2413 telam,
409 2344 485 2405 elius
509 2345 659 2408 babere
683 2359 991 2412 testamentum:
1014 2351 1125 2431 quale?
1147 2351 1337 2431 inqooquid

245 2434 385 2514 scriptum
413 2437 480 2495 est?
508 2437 573 2497 baec
600 2440 763 2517 queritote.
813 2440 890 2502 Nem
915 2461 981 2522 qum
1003 2442 1052 2503 isti
1077 2442 1177 2504 testati
1196 2452 1276 2516 sunt,
1299 2463 1337 2504 ea

246 2545 333 2586 nemo
356 2546 373 2587 e
394 2527 507 2587 steteris
526 2549 582 2590 suo
603 2531 770 2593 testimonio
788 2535 981 2596 confirmavit.
1023 2535 1074 2595 Sin
1087 2535 1335 2609 lamentabuntur,

243 2637 313 2678 eum
336 2619 385 2698 qui
406 2617 516 2680 malum
537 2625 654 2705 accepit
675 2625 911 2688 miserabiliorem
928 2628 962 2688 iis
976 2629 1026 2708 qui
1039 2647 1141 2708 poenas
1155 2628 1251 2687 daturi
1263 2637 1335 2688 sont

245 2721 389 2790 putatote.
431 2711 506 2782 Ques
520 2714 545 2774 si
565 2715 689 2789 iacietis,
702 2728 733 2778 et
750 2737 797 2777 me
811 2718 960 2799 jurabitis,
974 2730 1004 2780 et
1023 2720 1139 2779 nimiam
1151 2719 1271 2780 istorum
1285 2739 1334 2780 ss·

244 2803 635 2962 ffifflssoeroeffi'
648 2819 680 2871 et
700 2809 756 2892 ipsi
775 2830 812 2873 ee
832 2830 899 2892 que
908 2812 1099 2894 jurisjurandi
1117 2811 1219 2894 religio
1231 2824 1336 2894 postu·
