2967 5017
294 342 352 405 tot
634 340 788 403 ORATlO
810 340 1037 403 tuatonis.

292 496 454 558 sccundus
475 493 532 555 alio
553 501 684 573 tempore
706 494 790 557 nobis
805 496 978 572 occmiones
990 492 1210 574 opportuniores
1232 490 1384 554 &buntur

295 590 416 669 opinor:
438 586 490 647 sed
503 586 628 647 breviter
641 606 706 649 eam
719 587 874 667 attingere,
883 607 963 649 nune
974 587 1064 648 mam
1075 585 1148 645 bibil
1159 583 1332 666 prohibebit.

296 731 299 741 ,
338 683 384 739 ll.
406 679 484 739 Illud
500 688 598 739 nutem
611 678 641 739 in
654 678 754 759 primis
767 688 814 739 est
830 680 983 761 diligenter
995 677 1292 750 animadvertendum,
1310 688 1384 737 curn

294 792 409 833 omnem
423 770 604 851 disciplinam
618 771 739 834 seientia
752 780 784 831 et
800 773 1005 834 exercitatione
1016 771 1144 850 quadam
1153 768 1307 844 contineri,
1316 779 1385 832 bam

294 864 503 944 philosophiam
525 863 617 943 magis
640 863 727 924 etiam
746 865 871 927 ceteris.
911 864 990 925 Nam
1008 874 1119 943 quanto
1134 860 1332 942 diligentiores
1345 880 1387 923 ea

295 957 555 1036 prudentioresque
578 957 732 1035 magistros
752 958 952 1029 habet„tanto
964 956 1094 1036 pulcrius
1107 975 1174 1016 esse
1192 953 1385 1015 constitutam

293 1066 347 1126 par
358 1058 415 1108 est.
439 1050 538 1125 Atqui,
549 1068 616 1109 cum
630 1058 660 1109 et
671 1050 701 1107 in
716 1049 842 1109 dicendo
854 1059 885 1109 ct
898 1049 927 1109 in
938 1048 1126 1109 deliberando
1137 1046 1241 1107 mentis
1254 1054 1386 1105 versetur

295 1140 432 1213 officium,
446 1139 629 1220 philosophia
650 1150 748 1201 autem
771 1140 858 1221 bajus
880 1142 1033 1219 utriusque
1056 1141 1097 1200 rei
1117 1138 1251 1219 peritiam
1274 1137 1383 1211 tradat,

294 1250 346 1291 cur
358 1250 423 1291 earn
437 1232 628 1311 disciplinam,
638 1250 706 1311 quea
718 1251 772 1294 nos
782 1233 886 1293 horum
901 1232 1051 1311 utriusque
1064 1242 1214 1310 compotes
1223 1227 1302 1300 facit,
1314 1248 1385 1307 per·

294 1325 380 1403 sequi
393 1324 541 1386 nolimus?
568 1324 645 1385 Tum
666 1324 742 1385 enim
764 1335 994 1387 consentaneum
1011 1334 1058 1385 est
1074 1324 1114 1385 rei
1131 1332 1238 1383 nostre
1251 1321 1385 1381 familiari

294 1434 447 1478 accessura
459 1436 526 1477 esse
537 1417 665 1477 maxima
677 1416 855 1487 incrementa
868 1417 999 1496 adeoque
1012 1426 1103 1477 totam
1123 1416 1211 1476 vitam
1220 1415 1285 1489 fore
1297 1414 1387 1487 culti·

294 1528 384 1579 orem,
397 1528 462 1569 cum
483 1519 515 1568 et
527 1528 593 1587 quse
607 1509 704 1569 doceri
718 1518 829 1587 queunt
842 1510 912 1569 artis
926 1508 1112 1581 adminiculo,
1123 1517 1155 1568 et
1171 1516 1278 1569 caeteta
1299 1526 1384 1566 exer·

219 1630 223 1643 ·
293 1601 430 1663 citatione
445 1602 571 1681 quadam
585 1612 614 1661 et
633 1602 848 1663 assuefactione
861 1602 1078 1663 obtinuerimus.
1118 1601 1221 1680 Neque
1235 1601 1312 1661 enim
1325 1600 1385 1659 boc

294 1692 351 1755 dici
365 1694 497 1773 profecto
510 1703 617 1774 potest,
639 1694 710 1755 nihil
724 1714 788 1757 esse
804 1696 834 1755 in
848 1695 968 1755 scientia
981 1695 1120 1756 momenti
1140 1694 1178 1753 ad
1192 1693 1259 1765 boc,
1273 1701 1307 1752 ut
1318 1692 1383 1753 aliis

293 1798 465 1865 praestemus
484 1788 531 1847 alii
551 1788 703 1867 sapientia.
745 1788 822 1848 Nam
845 1809 912 1848 cum
931 1808 1016 1847 omne
1037 1787 1195 1866 ingenium,
1209 1786 1234 1844 si
1254 1796 1324 1864 apta
1337 1785 1383 1843 iu·

293 1880 403 1939 stitutio
417 1879 547 1949 accedat,
561 1879 595 1938 lit
604 1880 725 1939 melius:
747 1890 809 1939 tum
821 1900 890 1942 nero
902 1901 938 1940 ea
950 1879 1043 1939 multo
1052 1879 1176 1939 maxime
1188 1897 1254 1955 qum
1262 1896 1281 1937 a
1290 1878 1386 1955 primo

293 1973 390 2031 statim
412 1982 476 2030 ortu
495 1970 658 2031 dexteriora
682 1973 796 2032 crateris
827 1972 1010 2031 exstiterunt.
1051 1970 1107 2033 llla
1127 1970 1204 2029 enim
1226 1988 1292 2029 sese
1307 1968 1384 2027 dun·

294 2071 374 2121 taxat
388 2062 516 2132 vincuat,
531 2062 596 2121 haec
618 2064 706 2121 etiam
731 2063 794 2120 aliis
817 2062 1004 2122 antecellunt.
1046 2062 1093 2119 Ne
1105 2081 1174 2121 vero
1195 2061 1298 2120 dubita
1311 2061 1383 2137 quin

294 2153 407 2231 agendo
434 2163 516 2232 parta
539 2136 650 2230 p‘eritia,
665 2174 717 2213 nec
743 2154 806 2213 sine
826 2154 953 2233 periculo
973 2153 1125 2231 contingat
1142 2166 1173 2211 et
1190 2153 1229 2211 ad
1242 2152 1383 2230 reliquam

292 2246 381 2305 vitam
395 2244 433 2304 sit
445 2244 573 2304 inutilis:
594 2244 793 2323 philosophica
811 2256 907 2304 autem
929 2245 1071 2304 institutio
1085 2243 1124 2303 ad
1134 2245 1200 2303 brec
1220 2244 1321 2303 omnia
1331 2263 1383 2324 op·

292 2346 415 2415 partone
430 2346 656 2413 contemperata.
699 2336 761 2394 Etsi
782 2346 878 2395 autem
900 2335 1020 2413 quidam
1038 2345 1156 2414 propter
1175 2334 1274 2395 felices
1289 2356 1385 2396 rerum

293 2446 447 2488 successus
462 2428 642 2504 fortunaeque
657 2427 784 2485 favorem
799 2428 828 2486 in
840 2427 1030 2485 admiratione
1044 2427 1171 2497 fuerunt,
1181 2444 1232 2486 eos
1246 2437 1344 2501 tamen
1354 2440 1383 2487 te

292 2529 474 2581 contemnere
498 2528 528 2578 et
551 2517 682 2596 tuiipsius
701 2538 800 2579 curam
819 2538 925 2597 genere
944 2519 1039 2579 decet.
1081 2518 1146 2591 Nec
1159 2519 1237 2580 enim
1250 2523 1383 2581 maximas

291 2630 339 2671 res
353 2620 459 2679 temere
481 2610 664 2681 invadendae,
684 2610 737 2670 sed
757 2621 838 2671 certa
854 2610 963 2670 ¹ratione
982 2610 1163 2687 scienterque
1188 2613 1385 2691 suscipiendas

292 2712 379 2771 sunts
400 2722 455 2761 nec
470 2704 499 2762 in
513 2702 577 2783 ipso
591 2703 708 2763 demum
723 2702 916 2781 gerendarum
929 2722 1021 2763 rerum
1037 2703 1158 2763 articulo
1168 2704 1311 2778 meditari,
1330 2707 1385 2765 sed

293 2814 328 2855 ea
341 2794 463 2856 scientia
484 2805 512 2854 te
535 2794 697 2855 institutum
716 2814 783 2855 esse
798 2796 885 2855 decet
905 2804 939 2854 ut
952 2794 1089 2874 quicquid
1106 2814 1180 2874 opus
1201 2795 1290 2856 fuerit
1309 2799 1384 2859 bene

292 2887 487 2947 administres.
530 2885 716 2947 Existimabis
737 2896 834 2946 autem
852 2906 920 2947 cum
940 2906 1055 2946 omnem
1069 2887 1258 2948 eruditionem
1278 2890 1384 2969 siquis

292 2990 391 3040 utatur
404 2980 542 3060 prodesse
557 2981 690 3051 multum,
702 2989 765 3038 tum
779 2996 847 3037 vero
866 2996 930 3038 eam
944 2978 1116 3053 doctrinam,
1129 2999 1196 3057 quas
1208 2980 1299 3041 tradit
1311 2982 1383 3061 quid

291 3071 321 3131 in
344 3072 504 3151 Republica
525 3082 556 3130 et
575 3070 722 3148 appendum
740 3081 771 3129 et
789 3069 944 3129 dicendum
957 3072 1005 3141 sit,
1021 3072 1051 3130 iu
1069 3071 1177 3149 primis.
1219 3072 1295 3131 Nam
1311 3094 1382 3153 geo·

291 3164 402 3222 mettim
416 3182 451 3223 ac
464 3163 599 3223 similium
622 3162 725 3221 artium
748 3179 815 3219 esse
837 3144 937 3221 rudem
959 3172 1042 3241 turpe
1055 3162 1086 3222 id
1107 3164 1223 3243 quidem
1246 3175 1303 3239 est,
1327 3166 1383 3229 sed

292 3270 390 3311 earum
412 3270 554 3311 summurn
575 3253 635 3311 fieri
658 3251 797 3312 artificem
818 3252 894 3312 infra
912 3253 1092 3314 excellentiae
1114 3264 1173 3314 ture
1189 3256 1382 3335 dignitatem:

292 3352 323 3403 at
332 3342 361 3401 in
376 3343 426 3403 illa
438 3343 580 3405 excellere
591 3344 729 3405 facultate
744 3344 927 3425 preclarum,
937 3366 996 3405 non
1006 3364 1071 3407 esse
1085 3347 1250 3409 institutum
1262 3369 1382 3429 prorsus

292 3444 339 3497 est
353 3435 554 3501 deridendum.
1336 3509 1340 3517 ι

333 3530 379 3587 tu.
399 3529 487 3597 Quod
510 3550 548 3591 ex
571 3530 668 3591 multis
691 3531 755 3591 aliis
775 3534 861 3593 rebus
878 3532 1057 3612 intelligitur,
1077 3545 1165 3594 etex
1186 3554 1233 3606 eo,
1256 3534 1281 3593 si
1300 3534 1379 3597 viros

291 3622 416 3684 illustres
431 3624 481 3704 qui
496 3633 575 3685 tuam
585 3634 701 3685 aetatem
716 3635 927 3702 praecesserunt
937 3636 1060 3704 spectem
1103 3624 1394 3703 NametPericlem,

291 3717 374 3797 cujus
388 3716 532 3797 sapientia
547 3717 723 3796 temporibus
746 3717 803 3777 illis
822 3738 883 3796 praa
900 3718 1035 3778 omnibus
1056 3717 1203 3779 celebrata
1220 3728 1277 3792 est,
1296 3717 1381 3777 fami·

290 3808 390 3869 liarem
405 3809 492 3869 fuisse
506 3810 688 3887 Anaxagora
708 3809 910 3880 Clazomenio,
923 3820 1011 3887 atqua
1032 3807 1083 3868 illo
1101 3808 1221 3869 doctore
1241 3810 1300 3869 rim
1315 3828 1380 3870 eam

290 3912 477 3962 consecutum
493 3920 560 3962 esse
581 3900 691 3964 audies.
733 3900 771 3959 Et
788 3900 971 3961 Alcibiadem
992 3900 1110 3980 ingenio
1128 3901 1247 3981 quidem
1264 3901 1303 3962 nd
1323 3903 1381 3961 vir·

289 4004 383 4054 tutem
409 3994 502 4054 multo
525 3993 665 4053 deteriore
685 3996 733 4068 (ut
755 3992 806 4071 qui
830 3994 936 4072 partim
964 3993 1097 4072 superbe,
1123 3994 1227 4073 partim
1255 3994 1380 4074 abjecte,

289 4086 394 4164 partim
414 4086 648 4147 libidinosissime
661 4085 750 4145 vitam
770 4084 941 4159 instituerit)
960 4085 1087 4163 reperies
1112 4086 1246 4162 Socratis,
1262 4086 1379 4147 institu-

289 4176 369 4235 tione
382 4178 475 4245 multa
486 4178 516 4235 in
537 4197 591 4239 sua
604 4176 662 4236 vita
680 4176 849 4246 correxisse,
869 4185 976 4236 cetera
992 4177 1193 4256 magnitudine
1213 4198 1310 4239 rerum
1328 4200 1378 4260 ge·

287 4279 397 4329 starum
420 4272 593 4335 occultasse.
635 4268 722 4337 Quod
741 4270 765 4328 si
779 4268 925 4329 veteribus
942 4272 1203 4333 commemorandis
1222 4273 1379 4333 immoran-

288 4362 358 4428 dum
371 4380 430 4425 non
443 4374 499 4435 est,
513 4382 579 4423 oum
599 4362 760 4425 recentiora
770 4360 907 4441 exempla
919 4362 950 4423 in
965 4375 1101 4443 promptu
1113 4364 1183 4439 sint,
1200 4373 1264 4427 tum
1278 4366 1376 4426 Timo·
