2967 5017
284 313 343 376 rra
583 311 784 376 aroann-
804 269 1068 378 concinnunt.
1193 303 1197 314 ·

283 481 395 545 rerunt,
406 471 455 532 rel
467 472 497 532 in
508 465 609 551 primis
621 471 806 534 utilissimum
819 482 855 532 ut
862 468 1106 532 intercessoribus
1116 461 1234 526 dicendi
1246 469 1376 543 potestas

283 566 384 626 fletur*
419 565 479 634 Qui
498 565 525 626 si
538 564 645 627 docere
665 575 813 646 poterunt,
827 584 887 625 non
908 581 973 624 esse
991 561 1112 643 optima,
1131 577 1199 638 qure
1220 555 1284 616 istis
1307 573 1376 633 pro-

281 658 399 730 bentur,
411 657 501 737 idque
517 658 642 718 fecerint
653 658 827 738 priusquam
847 657 1004 738 quicquam
1016 648 1281 734 peccatumduerit,
1296 647 1375 726 ipsos

282 759 365 810 entra
386 766 477 810 omne·
496 751 657 830 periculum
681 749 889 811 collocabunt:
910 749 955 808 sin
973 747 1004 806 id
1029 747 1124 806 facere
1146 761 1205 803 non
1228 749 1375 819 poterunt,

282 843 385 902 saltem
409 851 512 921 postea
525 862 584 902 non
600 843 751 903 habebunt
763 841 843 922 quod
855 838 1081 920 reprehendant,
1095 835 1149 896 sed
1170 833 1201 894 id
1215 832 1375 910 consecuti,

281 933 360 1011 quod
374 933 500 994 tribuere
512 934 701 995 humanitatis
708 940 773 1006 est,
787 945 821 994 ut
841 934 1016 1005 audirentur,
1030 951 1062 990 se
1076 925 1275 994 succubuisse,
1290 945 1374 1003 aequo

282 1025 379 1087 animo
395 1026 463 1105 jure
486 1027 589 1100 ferent,
603 1037 635 1087 et
654 1045 840 1088 communem
860 1034 996 1087 eventum
1011 1021 1152 1092 omnium,
1170 1019 1337 1100 quicunque
1349 1017 1374 1076 is

280 1111 376 1190 tuerit,
390 1120 539 1178 subibunt.

773 1276 884 1335 XXVI.

324 1391 459 1462 Arbitror
480 1391 585 1451 decere
599 1409 660 1461 ros,
680 1390 887 1468 Athenienses,
909 1393 996 1454 tantis
1014 1392 1051 1452 de
1064 1393 1151 1452 rebus
1166 1367 1371 1458 deliberantes,

282 1477 354 1542 dare
366 1482 535 1544 libertatem
545 1481 663 1544 dicendi
676 1483 767 1544 cuivis
781 1485 831 1564 qui
851 1485 922 1546 dare
935 1485 1087 1546 consilium
1101 1483 1181 1544 velit.
1221 1483 1288 1562 Ego
1302 1499 1369 1541 rerc

281 1594 431 1654 nunquam
444 1595 508 1636 erre
528 1567 644 1636 difficile
662 1578 762 1656 putari
776 1577 881 1639 docere
896 1598 948 1639 ror
961 1598 1027 1657 quae
1050 1577 1160 1658 optima
1172 1577 1252 1635 sactu
1270 1574 1371 1635 sint-

281 1689 361 1747 nam,
376 1681 411 1729 ut
427 1667 561 1749 ingenue¹
577 1669 684 1743 dicem,
698 1689 734 1730 ea
746 1691 799 1731 vos
812 1689 914 1732 onmes
924 1671 986 1751 jam
1008 1671 1082 1730 scire
1100 1679 1226 1748 puto—,
1239 1669 1293 1728 sed
1306 1689 1371 1750 per·

281 1761 406 1822 suadere
426 1760 563 1821 vobisut
582 1763 676 1840 agatis
699 1762 813 1835 eadem,
826 1762 857 1821 id
871 1782 939 1823 vero
952 1768 1019 1822 esee
1041 1761 1170 1822 difficile.
1212 1759 1370 1840 Postquam

280 1855 359 1913 enim
380 1853 489 1932 aliquid
509 1855 604 1914 risum
623 1855 831 1935 decretumque
855 1854 951 1928 fuerit,
966 1863 1027 1914 tum
1051 1853 1223 1914 tantundem
1242 1856 1329 1915 abest
1342 1865 1372 1916 ut

279 1946 341 2019 fiat,
355 1954 497 2025 quantum
511 1954 579 2004 ante
593 1965 680 2024 quam
693 1947 909 2007 decerneretur.
952 1945 1049 2004 Unum
1068 1957 1165 2005 autem
1183 1945 1241 2004 boc
1260 1964 1298 2005 ex
1319 1947 1372 2006 iliis

280 2048 327 2097 est
339 2046 458 2116 propter
469 2055 534 2116 quta
548 2055 601 2096 roe
625 2057 681 2116 ego
697 2036 753 2097 diis
769 2037 891 2117 gratiam
905 2035 1011 2097 debere
1024 2057 1142 2112 censeo,
1155 2037 1233 2116 quod
1251 2039 1300 2116 qui
1312 2042 1371 2099 nori

280 2126 321 2187 ita
343 2128 453 2206 pridem
476 2138 698 2207 propter'suatn
717 2129 910 2209 petulantiam
934 2128 1044 2190 bellum
1063 2129 1146 2190 vobis
1170 2129 1372 2206 intuleruntii
1465 2126 1466 2192 i

279 2237 359 2279 nunc
374 2220 403 2278 in
418 2219 487 2281 solia
500 2221 584 2280 vobit
600 2241 684 2300 spem
696 2241 757 2282 suae
771 2221 873 2282 salutis
892 2221 1047 2282 collocant.
1090 2221 1147 2281 Est
1161 2231 1268 2293 autem,
1282 2223 1372 2285 Athe·
1465 2221 1466 2230 ³

279 2313 407 2386 nienses,
427 2313 615 2394 gaudendum
641 2316 697 2374 hac
723 2315 886 2377 occasione.
929 2315 1042 2385 Quasi
1065 2315 1222 2394 prudenter
1243 2317 1371 2391 utemini,
1465 2359 1466 2381 r

279 2407 337 2469 hoc
350 2407 433 2467 vobis
448 2408 611 2478 usuveniet‚
627 2398 772 2467 uteorum
786 2407 942 2469 maledicta
955 2408 1004 2487 qui
1020 2419 1150 2468 nostram
1162 2410 1263 2496 urbem
1278 2411 1371 2472 crimi-
1465 2401 1466 2462 i

279 2511 386 2560 nentur
397 2500 493 2578 reipsa
505 2520 571 2560 cum
584 2499 709 2560 honesta
718 2500 799 2562 fama
810 2501 951 2562 refutetis.

763 2668 891 2728 XXVII.
974 2668 975 2674 ’

321 2785 395 2865 Spes
407 2805 503 2845 rerum
516 2796 805 2846 commemoratarum
825 2785 930 2867 amplae
951 2793 1030 2858 sunt,
1044 2783 1251 2856 Athenienses,
1265 2787 1372 2866 quihus

172 2939 180 2959 ,
278 2877 432 2958 plerosque
454 2877 518 2938 sine
541 2878 654 2938 ratione
672 2879 781 2939 moveri
804 2876 935 2940 nonnihil
953 2879 1094 2939 arbitror:
1115 2877 1183 2936 mibi
1203 2897 1273 2942 vero
1297 2901 1377 2940 nun,

279 2992 368 3052 quam
386 2972 565 3052 propositum
592 2971 657 3042 fuit,
672 2973 825 3050 praesentis
849 2971 949 3054 gratita
972 2989 1074 3043 causa,
1095 2970 1252 3050 quicquam
1277 2972 1373 3036 dicere

278 3064 358 3144 apud
381 3084 444 3135 vos,
459 3063 538 3142 quod
560 3082 619 3122 non
641 3064 729 3122 etiam
751 3065 780 3123 in
800 3074 949 3144 postemm
967 3065 1152 3144 profuturum
1165 3063 1372 3126 existimarem.

280 3157 454 3232 Quanquam
468 3165 565 3214 autern
578 3155 635 3214 hoc
655 3155 718 3213 fere
739 3155 773 3215 fit
796 3155 833 3215 ab
847 3158 991 3232 omnibus,
1004 3168 1036 3217 ut
1054 3154 1166 3234 eosqui
1186 3169 1373 3220 assentiantur

278 3245 413 3324 diligant,
427 3244 618 3305 monitoribus
632 3245 813 3307 irascantur:
835 3248 984 3327 prudentis
998 3259 1096 3309 tamen
1109 3247 1374 3312 hominisofficium'

277 3349 324 3397 cst
343 3337 414 3396 dare
427 3356 547 3416 operam
559 3348 593 3397 ut
613 3339 775 3418 appetitum
789 3340 892 3400 rationi
906 3360 1020 3421 semper
1033 3343 1217 3403 obedientem
1231 3345 1372 3421 praebeat.

280 3429 579 3511 Egovmoperquam
599 3451 670 3492 eane
684 3433 781 3508 velim,
796 3455 833 3495 ea
853 3435 934 3494 vobis
958 3434 1039 3495 iactu
1060 3455 1126 3495 esre
1143 3434 1284 3512 jucunde,
1304 3457 1371 3516 qnae

277 3524 433 3604 profutura
442 3534 522 3596 sant,
535 3535 570 3585 ut
581 3535 613 3585 et
629 3535 715 3605 grata
727 3537 758 3588 et
771 3527 854 3588 utilia
867 3526 965 3588 dicere
979 3525 1102 3588 viderer.
1142 3525 1203 3586 Sed
1215 3537 1370 3607 postquam

276 3618 429 3678 videorne
443 3617 588 3677 contraria
600 3617 645 3677 his
659 3619 764 3691 moliri,
780 3620 992 3680 adrermndum
1014 3639 1077 3681 esre
1097 3620 1210 3698 opinor,
1224 3620 1280 3680 etsi
1299 3640 1372 3700 quo-

276 3711 402 3776 suadem
422 3708 491 3770 odie
513 3711 700 3790 suscipienda
713 3713 829 3773 fuerint.
872 3713 961 3781 Quod
981 3712 1005 3772 si
1026 3731 1081 3772 nec
1100 3709 1202 3771 audire
1215 3710 1370 3791 quiequam

277 3802 467 3872 sustinebitis,
474 3821 540 3878 ›pon
553 3802 653 3884 inopia
659 3803 764 3883 judicii
774 3824 879 3876 errare,
890 3805 942 3866 sed
955 3804 1096 3884 pravitate
1109 3802 1218 3883 ingenii
1230 3815 1371 3883 appetere

275 3905 366 3974 atque
379 3893 501 3974 aggredi
515 3893 587 3953 talia
599 3894 783 3956 videbimini:
806 3896 850 3956 sin
873 3895 1032 3968 audieritis,
1055 3895 1227 3956 sententiam
1247 3895 1370 3958 sonare

275 3985 436 4059 mutabitis,
445 3985 526 4064 quod
537 4005 595 4066 ego
607 3988 690 4048 robis
702 3988 733 4046 in
744 3989 843 4068 primis
855 3988 994 4070 prodesse
1003 3999 1086 4067 puto3
1096 3987 1141 4052 sin
1152 4007 1237 4048 aures
1248 3988 1371 4050 dicturis

275 4079 407 4157 praebere
427 4076 591 4151 nolueritis,
612 4078 687 4140 alius
712 4081 847 4159 ignorare
860 4099 913 4142 vos
930 4079 1003 4159 quid
1015 4079 1160 4158 expediat,
1182 4078 1266 4152 aliur,
1290 4079 1370 4159 quod

275 4170 382 4249 utrique
393 4171 488 4230 risum
500 4171 598 4244 fuerit,
610 4171 642 4231 id
649 4171 746 4233 ‘dIcet

744 4337 887 4398 XXVIII.

315 4451 446 4516 Primum
465 4453 536 4514 nibil
556 4455 624 4516 nori
636 4465 694 4528 ert,
708 4455 915 4530 Athenienses,
931 4455 1045 4536 aliquos
1059 4456 1210 4536 exsistere,
1225 4457 1286 4538 qni,
1298 4473 1366 4518 cunr
