2967 5017
426 301 612 365 moron
632 293 897 362 conclusuri.
952 257 957 267 ’
1143 297 1207 360 aas.

117 459 289 522 duramm
300 456 350 518 hie
361 457 582 529 concionantur,
596 475 667 516 cnm
684 454 786 518 dicunt
798 473 893 533 neque
906 451 1013 514 tributa
1026 446 1204 514 conferenda

117 571 214 633 neque
226 550 411 612 militandum
428 569 507 619 esse,
523 548 575 609 sed
593 547 691 608 omnia
706 566 762 609 sua
777 555 883 627 sponte
897 545 1061 608 coniectum
1079 545 1125 604 iri.
1166 545 1205 603 Et

116 642 184 704 hee
198 647 236 705 ab
248 643 306 704 alio
326 643 423 722 aliquo
435 639 572 719 redargui
590 642 754 720 oportebat,
766 639 854 718 idque
876 638 1036 700 curatione
1055 637 1117 696 fieri
1137 657 1204 716 quse

116 742 200 795 esset
212 753 230 794 e
243 733 419 814 Republica:
433 732 503 792 mihi
516 731 733 792 autemvidetur
744 731 862 790 fortuna
873 749 951 790 nnnc
965 730 1050 790 etiam
1064 729 1205 808 quodam·

116 826 209 887 modo
220 826 325 886 melius
336 825 440 886 mereri
452 825 490 885 de
499 824 583 884 nobis
594 842 682 904 quom
691 823 889 902 magistratus.
930 823 1006 883 Nam
1019 822 1098 902 qnod
1108 823 1206 884 omnio

114 916 179 981 fote
191 928 324 996 pereunt,
345 917 378 976 id
396 935 496 978 eorum
513 915 621 994 quibus
641 915 759 994 negotis
777 913 915 974 mandate
927 926 997 975 sunt
1016 914 1156 976 socordia
1174 926 1207 976 et

113 1009 307 1089 improbitatis
319 1009 438 1089 signum
448 1028 516 1069 esse
528 1009 633 1070 dehet:
655 1006 736 1086 quod
748 1023 890 1068 veronen
909 1007 977 1066 olim
999 1006 1097 1068 omnis
1112 1009 1206 1088 perie-

114 1113 197 1176 runt,
208 1112 314 1164 sesnae
326 1103 452 1163 iortnme
460 1101 635 1162 beneficium
647 1098 785 1179 equidem
797 1118 864 1160 esse
874 1100 984 1179 judico.
1026 1100 1106 1159 Dum
1118 1101 1205 1179 igitur

115 1193 233 1256 fortuna
245 1205 341 1258 cesset
354 1205 385 1255 et
397 1195 533 1254 inimicos
544 1192 668 1263 extollit,
680 1191 857 1271 reliquarum
878 1209 975 1251 rernm
992 1210 1094 1252 curam
1114 1193 1206 1254 susci-

113 1284 198 1364 pite:
218 1286 369 1365 quodnisi
383 1283 522 1356 feceritis,
533 1283 697 1364 providete,
710 1301 748 1342 ne
762 1301 813 1342 vos
832 1283 919 1342 simul
935 1292 967 1342 et
987 1301 1090 1344 omnes
1113 1285 1206 1365 megi-

21 1405 24 1410 ·
115 1387 227 1439 anema
246 1377 403 1448 accusetis,
416 1385 450 1436 et
464 1395 512 1437 res
530 1386 681 1450 sestroe,o
698 1375 903 1449 Athenienses,
916 1375 1101 1438 inclinentur.
1141 1377 1206 1436 Nec
1290 1420 1295 1428 .

113 1471 197 1532 enim
214 1472 277 1532 heri
297 1479 404 1551 potest,
415 1479 452 1529 nt
468 1489 512 1530 eas
533 1470 595 1531 sine
608 1486 718 1548 magna
738 1467 837 1547 eliqua
849 1467 934 1528 clade
946 1468 1116 1540 consistant,
1138 1485 1206 1527 cnm

114 1581 206 1624 tremo
217 1564 258 1624 sit
266 1563 318 1643 qni
330 1582 381 1624 cas
393 1573 520 1622 tuentur.

633 1718 700 1778 XL.

159 1832 242 1892 Nihil
261 1834 380 1894 absurdi
401 1843 455 1906 est,
473 1833 677 1905 Athenienses,
692 1853 744 1894 eos
764 1834 814 1912 qui
828 1851 940 1913 semper
952 1841 983 1894 et
1001 1832 1117 1895 assidue
1141 1851 1208 1896 suas

113 1924 148 1984 in
163 1925 325 2005 Republica
338 1926 464 1987 ramnes
478 1926 517 1988 ad
529 1944 688 2005 paucorum
701 1925 880 1986 dominatum
891 1925 1030 1998 referunt,
1043 1925 1073 1984 in
1084 1945 1120 1986 so
1129 1943 1208 1987 nunc

112 2017 208 2080 etiam
220 2036 288 2078 esse
308 2017 504 2096 deprehendi:
523 2018 577 2077 sed
598 2017 672 2076 illud
694 2016 791 2097 potins
808 2021 874 2095 jure
887 2016 1032 2096 quispiam
1044 2019 1209 2093 demiretur,

113 2109 236 2187 sesqui
249 2129 285 2170 ea
296 2110 397 2170 sciatis
410 2128 490 2190 sepe
508 2109 646 2170 libentius
665 2109 724 2169 illis
746 2110 922 2183 auscultare,
935 2129 1023 2188 quem
1036 2111 1140 2171 vestris
1158 2112 1211 2171 de·

113 2201 290 2263 femoribus.
330 2201 396 2262 Etsi
408 2210 506 2262 autem
520 2199 653 2262 tornois
665 2213 698 2262 nt
709 2201 843 2281 privatim
862 2201 947 2262 facile
968 2221 1028 2262 uon
1050 2214 1097 2264 est
1114 2205 1211 2264 omnia

114 2303 196 2354 recte
207 2313 306 2374 egere,
316 2295 360 2355 sic
371 2312 468 2376 usque
479 2293 595 2374 publice
606 2315 616 2356 τ
629 2313 690 2356 non
701 2305 801 2357 temen
809 2295 928 2354 maximi
943 2297 1081 2356 momenti
1092 2297 1212 2376 negotia

115 2385 388 2465 suntnegligenda.
428 2387 510 2445 Sunt
518 2395 617 2447 sutem
631 2399 739 2448 cetera
752 2388 863 2448 minora
875 2389 989 2449 omnia:
1009 2407 1077 2448 cum
1090 2409 1159 2450 vero
1172 2390 1209 2450 de

114 2490 199 2544 statu
218 2479 352 2553 civitatis,
365 2479 405 2539 de
422 2478 563 2551 cedibus,
578 2478 617 2540 de
635 2480 802 2559 reipublicae
825 2479 973 2561 popularis
990 2481 1137 2542 eversione
1158 2482 1211 2543 de·

112 2572 301 2633 clamitantes
312 2570 457 2650 quosdam
470 2571 587 2644 auditis,
596 2570 662 2648 quis
675 2589 730 2631 ros
739 2590 800 2630 non
810 2580 907 2630 mente
920 2581 1022 2650 coptos
1036 2572 1211 2634 arbitretur?

115 2661 198 2724 Nam
219 2662 321 2723 crateri
338 2661 457 2741 quidem
470 2661 609 2720 mortales
628 2679 742 2732 omnes,
761 2659 884 2720 aliorum
905 2662 1046 2739 exemplis
1060 2663 1210 2735 admoniti,

112 2755 267 2817 candores
280 2753 371 2814 hunt:
392 2773 446 2816 ros
458 2765 556 2814 numm
569 2751 677 2814 auditis
685 2752 774 2812 etiam
788 2750 908 2812 aliorum
921 2752 1036 2812 casibus
1056 2754 1210 2816 formidare

113 2866 179 2908 non
197 2845 333 2927 potestis,
345 2845 399 2906 sed
422 2864 488 2925 que
505 2844 640 2924 privatim
661 2843 794 2904 stultitiae
817 2842 949 2903 tribuetis
964 2843 989 2903 ai
1001 2842 1128 2904 admissa
1141 2847 1210 2920 sint,

114 2959 156 3002 ea
165 2937 350 3020 respublica
362 2937 515 3000 admhsuri
528 2937 599 2997 mihi
612 2935 759 3007 videmini,
780 2955 837 2998 nec
855 2933 908 2996 nisi
923 2945 1043 3015 accepto
1056 2937 1134 2998 malo
1146 2939 1209 3000 sore

115 3029 331 3113 prudentiores.

620 3189 699 3249 XLI.

159 3306 258 3367 Nemo
276 3325 405 3386 unquam
425 3307 549 3366 tortasse
567 3296 696 3365 vestrum
715 3307 860 3383 qnaesivit,
882 3305 1085 3381 Athenionem,
1109 3329 1211 3388 quam·

118 3399 218 3459 obrem
241 3397 404 3457 calamitosi
429 3397 537 3457 rectius
563 3413 652 3475 quam
677 3397 817 3456 fortunati
845 3397 906 3458 suis
933 3399 1020 3458 rebus
1043 3402 1210 3463 consulant.

119 3486 197 3567 Ejus
215 3497 315 3548 antem
327 3489 370 3548 rei
390 3486 448 3547 alia
459 3505 552 3547 cause
562 3486 645 3547 nulla
658 3495 713 3558 est,
727 3488 784 3549 nisi
801 3491 880 3569 qnod
902 3493 942 3554 ita
960 3493 1001 3563 ht,
1015 3503 1048 3552 ut
1069 3494 1099 3553 hi
1117 3511 1216 3571 neque.

119 3579 278 3640 formident
294 3580 463 3660 quicquam,
477 3599 572 3660 neque
594 3581 619 3640 si
635 3579 780 3660 quispiam
799 3585 930 3662 pericula
943 3595 1159 3656 commemoret,
1175 3603 1212 3646 ea

119 3671 159 3732 ad
181 3689 214 3732 se
231 3673 376 3754 pertinere
398 3682 522 3753 putente
550 3672 616 3732 ilios
633 3691 736 3733 recens
760 3673 856 3736 adhuc
877 3685 1037 3740 erratorum
1063 3678 1210 3750 memoria,

119 3763 240 3844 quando
258 3765 290 3825 in
310 3764 411 3826 clades
429 3765 607 3839 inciderunt,
629 3766 789 3846 prudentes
814 3769 852 3828 ad
875 3779 981 3831 cmtsra
1000 3779 1032 3831 et
1047 3769 1211 3832 moderatos

119 3857 219 3918 efficit
258 3857 328 3918 Jam
339 3859 494 3937 proborum
507 3859 657 3920 hominnm
672 3859 801 3922 officinm
814 3871 870 3935 est,
882 3883 949 3924 cum
962 3864 1077 3924 furtum
1090 3873 1212 3926 utuntur

119 3948 342 4024 madusius,
362 3959 426 4012 tum
449 3971 594 4013 smnmnm
616 3947 724 4013 hebere
747 3953 898 4016 modestice
922 3955 1060 4018 studium.
1106 3957 1210 4037 Neque

120 4044 198 4104 enim
223 4043 382 4124 quicquam
403 4054 465 4108 tam
490 4045 673 4108 sormidnhile
696 4057 743 4108 est
769 4049 839 4128 quin
866 4050 1017 4131 vigilantia
1043 4053 1211 4132 precaveri,

120 4153 219 4215 neque
234 4137 459 4199 ollum'mninm
478 4149 525 4201 est
543 4140 616 4219 quin
634 4139 826 4204 oscitantibus
846 4145 969 4218 evenire,
993 4143 1093 4224 possit.
1134 4143 1209 4205 Hec

120 4245 181 4289 non
193 4227 262 4290 ideo
274 4229 351 4305 dico,
363 4241 398 4291 nt
409 4249 462 4294 roa
480 4232 592 4294 frustra
607 4234 849 4312 perterrefaciam,
863 4236 914 4296 sed
929 4245 1013 4296 utne
1027 4238 1211 4300 successibus

118 4317 184 4378 istis
198 4319 278 4395 elati,
290 4340 327 4382 ea
343 4341 412 4401 quse
423 4323 552 4385 incidere
569 4335 700 4404 possent,
720 4325 774 4385 nisi
789 4335 876 4387 caute
896 4345 942 4388 rcs
961 4327 1212 4402 administraretis,

122 4411 261 4488 mnia,
275 4415 300 4474 si
318 4414 402 4476 robis
417 4415 553 4495 exposita
569 4417 686 4488 tuerint,
699 4412 903 4493 contemnatis,
918 4431 948 4482 et
962 4421 1024 4496 sine
1044 4421 1104 4482 ullo
1124 4423 1210 4494 meio,

660 4513 712 4573 5u

725 4711 742 4744 0
