2967 5017
162 430 164 437 y
219 421 225 431 ⁹
265 340 311 400 se
606 336 651 397 ιιι
672 336 1023 401 crusteuormnm·

19 450 20 531 i
263 505 357 555 totum
375 493 517 573 colligens
538 493 688 554 decretum
709 495 821 565 scribit,
843 513 902 572 quo
925 494 1039 572 legatos
1056 491 1096 551 ad
1118 490 1265 558 Eretriam
1284 493 1368 552 mitti

257 587 353 666 jubet,
367 586 417 666 qul
431 597 516 646 orent
534 586 877 647 Eretrienses-omnino
888 587 965 647 enim
980 585 1083 646 orandi
1092 593 1252 644 erant-ut
1264 585 1363 644 tribu-

262 688 326 738 tum
338 697 434 750 suum,
446 678 574 756 quinque
586 679 636 738 illa
645 679 766 750 talentu,
779 697 838 737 non
851 678 934 738 robis
948 677 1082 756 posthac,
1096 676 1149 736 sed
1160 675 1274 746 Calliae,
1284 693 1368 755 pen-

263 769 394 842 sitarent,
409 787 569 848 rursusque
582 770 689 830 alteros
702 769 794 848 legari
806 781 896 828 cerret
910 769 948 828 sd
963 769 1072 838 Oritas,
1086 769 1136 846 qui
1153 779 1183 827 et
1199 768 1258 847 ipsi
1273 777 1364 846 pete·

261 871 337 934 rent,
351 873 385 921 ut
401 861 527 920 eundem
544 861 598 921 sibi
613 871 701 940 etque
714 860 909 922 Athenienses
923 862 1049 920 emitum
1063 859 1248 937 eundemque
1262 859 1364 917 inimi-

263 967 331 1014 cum
341 953 493 1013 haberent.
515 952 643 1026 Deinde,
663 962 770 1032 praeter
787 953 898 1012 furtum
911 951 949 1012 de
962 952 1095 1011 omnibus
1108 952 1138 1010 in
1152 951 1272 1010 decreto
1287 952 1364 1010 scri·

263 1043 332 1123 ptis,
348 1041 584 1123 deprehenditur,
597 1063 684 1123 porro
703 1044 831 1104 scribens
846 1054 878 1102 ut
892 1043 980 1122 legati
999 1044 1036 1102 ab
1051 1043 1143 1102 Oritis
1156 1043 1311 1121 postulent
1323 1063 1364 1102 ne

261 1139 346 1198 vobis
359 1139 412 1198 sed
426 1138 528 1198 Cellius
540 1138 668 1216 quinque
679 1157 731 1196 sus
745 1138 857 1197 telents
867 1137 1037 1215 penderent.
1068 1135 1110 1195 Ut
1122 1145 1220 1194 autem
1231 1153 1278 1194 me
1291 1153 1366 1196 vera
1465 1149 1466 1218 ss

261 1227 359 1288 dicere
372 1238 484 1309 pateat,
507 1228 635 1309 demptis
649 1249 687 1289 ex
702 1229 823 1288 decreto
834 1230 989 1288 verborum
1003 1228 1079 1286 festu
1097 1234 1129 1284 et
1148 1225 1316 1286 triremibus
1330 1237 1364 1286 et
1465 1229 1466 1304 ζ

261 1321 341 1379 inani
349 1320 522 1398 jactatione,
535 1322 638 1392 recita,
651 1331 683 1380 et
695 1321 805 1380 furtum
818 1320 890 1378 illud
909 1320 1031 1398 attinge,
1048 1318 1127 1397 quod
1144 1317 1215 1378 lecit
1228 1319 1365 1397 impurus
1465 1307 1466 1362 i

262 1428 298 1471 ae
310 1412 439 1471 nefarius
453 1411 550 1484 homo,
561 1433 648 1492 quem
662 1414 703 1472 ait
717 1412 882 1492 Ctesiphon
897 1413 927 1471 in
942 1411 997 1470 hoe
1009 1412 1096 1470 etiam
1109 1409 1229 1470 decreto
1237 1411 1362 1470 assidue

206 1547 210 1553 ,
262 1512 294 1562 et
306 1503 405 1564 dicere
415 1515 448 1562 et
460 1522 548 1582 agere
560 1523 627 1581 quse
640 1504 767 1564 maxime
781 1504 840 1563 sint
853 1503 961 1584 populo
971 1503 1142 1564 Atheniensi
1155 1501 1307 1562 salutaria.

682 1715 927 1776 DECRETUM.

263 1860 367 1938 ltaque
379 1858 511 1920 triremes
525 1867 557 1917 et
576 1857 728 1935 pedestres
748 1856 892 1934 cepisset
913 1857 1103 1935 plenilunium
1121 1866 1152 1916 et
1168 1877 1364 1921 consessores

259 1953 349 2012 serbo
361 1949 481 2028 quidem
501 1949 647 2021 audiistis,
660 1947 805 2008 sociorum
830 1966 897 2008 vero
915 1948 1033 2020 tribute,
1053 1948 1155 2008 decem
1180 1950 1303 2024 salente
1328 1972 1363 2028 re

261 2042 409 2102 misistis.

200 2126 202 2130 ’
270 2169 275 2176 ·
302 2135 351 2192 ³6.
374 2133 530 2211 Reliquum
545 2147 591 2193 est
603 2145 639 2194 ut
650 2135 816 2205 ostendam,
831 2131 1062 2194 Demosthenem
1076 2133 1162 2192 trium
1176 2133 1357 2194 talentorum

260 2224 396 2285 mercede
409 2236 531 2305 accepte
544 2226 694 2288 decretum
711 2227 769 2288 boc
786 2227 900 2296 tulisse,
923 2243 982 2286 uno
999 2227 1112 2286 talento
1128 2245 1165 2285 ex
1178 2225 1357 2288 Chalciden

260 2303 367 2388 Callia,
380 2317 472 2376 altero
482 2337 520 2376 ex
534 2317 649 2377 Eretria
661 2339 680 2377 a
693 2318 842 2378 Clitarcho
853 2329 988 2396 tyranno,
1002 2317 1086 2378 tertio
1099 2327 1197 2376 autem
1206 2337 1243 2377 ex
1253 2319 1336 2380 Oreo
1346 2339 1365 2377 ε.
1465 2337 1466 2344 “

258 2427 295 2466 sx
309 2426 368 2482 quo
380 2409 468 2465 etiam
482 2408 561 2466 furta
573 2409 637 2485 ejus
648 2410 799 2487 patefacta
808 2419 889 2480 sunt,
900 2409 979 2488 quod
989 2411 1134 2484 Oriterum
1146 2411 1239 2470 libem
1251 2413 1358 2472 civitas
1395 2467 1399 2474 .

185 2551 193 2558 .
257 2498 306 2568 sit,
320 2497 434 2555 etnibil
455 2507 547 2575 tegant
560 2499 617 2558 uisi
638 2519 689 2578 per
703 2501 901 2579 plebiscitum.
926 2501 972 2562 llli
987 2502 1065 2562 euim
1085 2503 1164 2578 bello
1182 2503 1266 2580 quod
1284 2523 1355 2564 cum
1465 2563 1466 2568 ,

258 2591 397 2670 Philippo
418 2600 571 2669 gesserant
580 2592 727 2665 exhausti,
741 2604 774 2653 et
788 2613 903 2654 summe
917 2595 1017 2674 iuopia
1036 2593 1215 2668 inherentes,
1233 2595 1357 2656 mittunt

257 2683 297 2744 sd
315 2703 382 2743 eum
400 2681 615 2744 Gnosidemum
636 2685 810 2764 Cherigenis
830 2687 931 2757 illium,
946 2687 1017 2766 'ejus
1038 2688 1088 2764 qui
1104 2685 1258 2765 'quondum
1282 2687 1357 2750 omi

257 2776 452 2855 principium
474 2777 578 2849 tenuit,
591 2777 642 2854 qui
662 2777 700 2836 ab
714 2796 751 2836 eo
772 2778 895 2857 supplex
918 2789 1010 2858 petet,
1027 2790 1060 2838 ut
1078 2778 1219 2838 talentum
1240 2779 1354 2838 civitati

256 2869 426 2940 remitteret,
438 2869 590 2946 promittet
602 2878 699 2928 autem
718 2887 831 2930 eneam
845 2870 872 2930 ei
891 2879 1018 2930 statuum
1033 2870 1063 2928 in
1081 2872 1161 2930 Oreo
1172 2869 1357 2949 ponmdam.

258 2961 304 3018 At
316 2960 370 3018 iste
384 2959 568 3019 Guosidemo
582 2961 740 3039 respondit,
756 2962 810 3021 sibi
824 2963 985 3040 pauxillulo
999 2964 1064 3022 eris
1083 2963 1158 3022 nihil
1182 2981 1248 3022 esse
1268 2981 1358 3042 opus,

256 3053 398 3110 talentum
421 3069 489 3110 vero
509 3069 563 3129 per
581 3053 706 3112 Gellium
727 3054 873 3130 exigebat
903 3054 1006 3114 Coeeti
1028 3054 1118 3132 igitur
1138 3053 1241 3124 Oritre,
1256 3074 1357 3133 neque

256 3143 338 3200 unde
351 3155 500 3201 sumerent
519 3143 672 3212 hebentes,
686 3145 842 3220 vectigalis
855 3145 972 3223 publica
990 3146 1093 3206 talenti
1114 3146 1231 3204 nomine
1251 3148 1279 3205 ei
1298 3166 1355 3226 op-

256 3233 455 3310 pigneratum,
469 3245 501 3290 et
520 3234 653 3309 pecuniae
665 3233 743 3292 illius
758 3236 879 3314 turpiter
893 3238 1056 3296 conciliatu
1068 3257 1187 3297 usuram
1202 3238 1356 3298 solverunt

256 3321 450 3381 Demostheni
464 3321 588 3398 singulis
608 3324 759 3382 mensibus
784 3345 872 3385 unum
886 3327 915 3386 in
936 3327 1030 3388 minus
1052 3328 1232 3400 drachmum,
1255 3330 1353 3390 donec

185 3479 188 3489 Ι
254 3411 579 3480 sortemreddidissent
614 3415 712 3489 Atque
724 3415 788 3474 haec
802 3428 870 3476 acta
883 3429 953 3478 sunt
966 3438 1034 3478 cum
1044 3420 1238 3499 populiscitu.
1262 3421 1353 3487 Quod

211 3509 216 3516 ’
253 3519 289 3570 ut
301 3524 369 3569 vere
382 3525 400 3568 a
412 3501 461 3569 rue
474 3505 532 3567 dici
545 3516 672 3579 constet,
685 3526 768 3568 sume
781 3510 838 3570 hoe
852 3510 998 3572 Oritarum
1012 3513 1205 3592 plebiscitum.

650 3736 941 3801 PLEBISCITUM.

139 3905 168 3948 .·
199 3899 210 3916 ,
254 3873 325 3936 Hoc
347 3885 394 3935 est
414 3876 488 3935 illud
501 3858 696 3956 plebiscitum,
710 3879 914 3956 Athenienses,
938 3886 1075 3962 probrum
1095 3903 1130 3944 ac
1144 3883 1275 3944 dedecus
1296 3905 1353 3948 uo-

251 3978 320 4028 strae
331 3968 467 4039 civitatis,
480 3985 578 4028 rerum
591 3989 610 4029 a
623 3971 824 4034 Demosthene
838 3976 954 4054 publice
967 3986 1115 4054 gestarum
1138 3995 1198 4036 non
1217 3977 1282 4036 lere
1305 3979 1350 4037 in·
1431 3986 1435 3997 “

251 4058 372 4131 dicium,
385 4058 542 4137 perspicus
562 4062 764 4142 Ctesiphontis
782 4065 954 4126 criminatio.
986 4067 1127 4145 Numqui
1145 4079 1205 4128 tum
1226 4071 1351 4148 turpiter

250 4150 416 4208 muneribus
429 4169 462 4209 se
474 4155 718 4232 corrumpendum
732 4156 856 4230 dederit,
870 4160 931 4217 lieri
948 4177 1007 4218 non
1027 4169 1128 4238 potest
1140 4171 1175 4220 ut
1189 4161 1232 4221 rii
1249 4163 1351 4222 bouus

251 4241 301 4310 sit,
313 4242 394 4318 quod
406 4252 507 4303 tamen
521 4247 576 4306 iste
588 4248 619 4306 in
632 4267 688 4316 suo
701 4267 791 4311 susus
804 4261 851 4311 est
863 4250 981 4310 decretu
996 4254 1184 4331 perscribere.

271 4367 275 4373 »
291 4331 346 4396 soe
364 4330 423 4391 llic
435 4351 504 4395 vero
517 4339 635 4399 tertium
643 4339 707 4418 jem
719 4343 896 4403 collocatum
911 4353 1094 4422 tempusest.
1108 4347 1155 4405 rel
1168 4346 1267 4425 potius
1281 4365 1350 4408 our·⁴

250 4423 335 4521 ulum
354 4423 542 4488 acerbissime
555 4425 729 4511 'tempotum
751 4451 811 4512 qua
833 4429 1047 4498 Demosthenes
1066 4447 1099 4497 et
1116 4433 1293 4499 Gmcorum
1317 4451 1352 4500 et
