2967 5017
255 331 317 394 786
610 326 777 387 CONTRA
800 326 999 387 NEAERAM.
1050 324 1064 345 '

255 487 309 545 bus
320 500 419 545 eorum
434 482 698 562 quibuslarnilisris
712 492 767 556 est,
778 482 899 562 obsequi
908 476 1126 561 voluptatibnsl
1139 476 1241 539 Talem
1252 477 1366 557 igitar,

255 586 285 637 et
297 594 374 641 eam,
387 592 464 655 quae,
477 584 511 633 ut
528 584 646 635 constat
658 576 732 637 inter
746 594 860 648 omnes,
874 576 975 635 orbem
989 582 1125 633 temtum
1146 569 1365 652 propterinla·

257 687 333 729 mern
346 675 492 745 quartum
503 678 662 746 pervagata
675 676 730 739 eat,
749 667 842 727 civem
860 686 924 726 esse
943 663 1129 726 decernetisl
1150 662 1239 731 Quod
1251 661 1364 741 igitur.

256 759 435 836 interrogati,
457 759 629 836 praeclarum
648 776 701 819 roa
725 758 853 819 edidisse
872 758 985 819 facinus
1009 754 1240 837 respondebitur
1263 752 1364 822 Quod

255 870 306 911 ros
335 850 502 929 suscepisse
530 850 679 911 dedecusl
715 872 805 932 quam
829 851 955 911 violasse
989 850 1158 929 religionem
1183 844 1364 925 negabitis?

256 943 428 1023 Priusquam
442 944 519 1003 enim
535 954 721 1005 accusaretur
735 944 866 1005 adducta
878 946 907 1003 in
916 943 1070 1023 judicium,
1081 959 1240 1019 omnesque
1255 939 1365 999 audia-

256 1044 331 1105 sent,
345 1044 376 1095 ct
388 1054 454 1114 qum
468 1036 515 1108 sit,
529 1046 559 1095 et
571 1056 637 1116 quae
651 1036 737 1117 impie
760 1036 869 1107 lecerit,
889 1036 945 1115 ipsi
958 1032 1092 1113 imputari
1107 1031 1220 1092 scelera
1232 1051 1289 1091 sua
1301 1050 1360 1111 po·

254 1128 387 1199 tuissent,
410 1126 589 1206 negligentia
609 1128 730 1201 civitati,
754 1139 941 1204 vestrumque
964 1126 1013 1187 alii
1031 1126 1225 1205 ignorassent,
1247 1122 1296 1182 alii
1324 1143 1361 1184 re

255 1219 356 1279 audita
369 1218 462 1279 verbis
478 1218 620 1297 indignati
634 1228 745 1292 essent,
756 1238 787 1278 re
800 1220 864 1298 ipsa
878 1218 914 1275 de
929 1236 975 1289 ea,
988 1215 1103 1275 nemine
1122 1225 1288 1286 accusante,
1303 1226 1361 1275 aut

254 1307 465 1390 pronunciante
488 1329 542 1390 pro
569 1308 716 1380 tribunali,
738 1318 866 1367 statuere
888 1306 960 1372 nihil
983 1307 1166 1386 potuissent:
1195 1316 1358 1384 postquam

256 1414 355 1465 autern
369 1412 399 1462 et
412 1402 505 1462 nostis
518 1420 631 1475 omnes,
645 1412 675 1461 et
689 1419 779 1480 penes
791 1420 844 1461 ros
858 1399 982 1470 habetis,
995 1410 1026 1459 et
1045 1399 1108 1478 ejus
1123 1396 1281 1478 puniendae
1300 1417 1360 1477 po-

255 1506 346 1556 testas
361 1494 457 1565 datur,
468 1494 529 1573 jam
543 1502 642 1553 vestra
656 1493 710 1552 crit
728 1492 779 1552 illa
797 1492 827 1551 in
845 1492 916 1550 deos
935 1490 1079 1569 impietas,
1102 1491 1158 1550 nisi
1179 1508 1243 1549 eam
1267 1490 1359 1570 puni·

253 1588 363 1648 veritis.
405 1584 483 1654 Quid
495 1605 563 1645 vero
578 1596 705 1645 vestrum
721 1584 844 1665 quisque
858 1602 990 1643 reversus
1008 1582 1047 1642 ad
1064 1602 1181 1653 uxores,
1196 1591 1248 1643 aut
1264 1581 1357 1654 filias,

254 1690 306 1740 aut
325 1688 444 1747 matres,
470 1676 581 1750 dicetis,
603 1676 659 1737 ista
686 1674 840 1737 absoluat
864 1674 961 1734 sivos
982 1672 1122 1753 rogarint,
1145 1673 1195 1733 nbi
1218 1672 1359 1733 fueritis?

254 1789 363 1850 rosque
377 1769 592 1849 reponderitis,
598 1770 648 1851 jus
662 1770 782 1831 dixisse.
812 1767 892 1828 enit
920 1768 1066 1846 rogabunt
1083 1767 1190 1828 statim.
1236 1767 1358 1827 Neoerre

256 1861 401 1934 nimirum,
425 1861 539 1921 dicetis.
584 1860 801 1929 Quamobreml
833 1858 922 1929 Quod
948 1868 979 1919 et
998 1860 1153 1937 peregrina
1176 1856 1230 1919 ciri
1253 1860 1359 1939 nupsit

254 1962 357 2014 contra
369 1952 477 2031 legem,
490 1961 521 2011 et
532 1952 621 2011 filiam
641 1952 803 2013 adulteram
817 1952 943 2012 elocavit
963 1951 1114 2032 Theogeni
1131 1972 1231 2033 regern
1244 1954 1356 2033 agenti,

254 2066 321 2125 quae
336 2064 443 2105 arcana
456 2064 508 2124 pro
522 2046 672 2123 republica
687 2065 772 2105 sacra
781 2045 892 2117 lecerit,
905 2054 937 2104 et
949 2042 1068 2104 Baccho
1081 2065 1153 2106 uxor
1163 2045 1235 2106 data
1247 2046 1356 2107 brerit:

255 2147 420 2216 ceteraque,
437 2148 699 2199 commemorantes
719 2140 785 2216 ejus
799 2135 1023 2207 accusationem,
1048 2157 1137 2217 quam
1154 2139 1230 2199 bene
1248 2148 1280 2198 et
1291 2159 1355 2199 me·

254 2231 382 2301 moriter,
406 2238 437 2289 et
460 2242 596 2291 accurata
623 2230 710 2291 fuerit
735 2229 775 2290 de
802 2229 924 2309 singulis
956 2242 1106 2292 accusata.
1157 2232 1272 2300 Quibus
1295 2232 1354 2293 tlte

255 2322 361 2383 auditis
376 2331 516 2401 qurerent,
530 2321 601 2401 quid
616 2322 703 2401 igitur
713 2320 844 2382 lecistis?
865 2320 928 2381 Vos
942 2340 1011 2382 vero
1033 2323 1148 2397 dicetis,
1163 2322 1352 2384 absolmmus.

254 2416 323 2475 Jam
338 2412 425 2493 igitur
436 2424 575 2474 matronae
587 2413 784 2494 pudicissimae
792 2414 875 2474 vobis
889 2413 1059 2489 irascentur,
1069 2414 1150 2495 qu'od
1158 2434 1241 2495 teque
1251 2435 1351 2478 secum

253 2508 339 2569 istam
360 2506 512 2586 republica
529 2516 560 2567 et
579 2506 669 2567 sacris
689 2506 802 2587 dignati
816 2506 897 2568 sitia:
918 2527 985 2589 quer
1004 2520 1102 2570 autem
1122 2520 1255 2570 amentes
1273 2522 1354 2583 sunt,

254 2600 351 2680 palam
368 2600 529 2659 ostendent
550 2618 582 2659 se
601 2600 729 2660 tacturas
750 2600 890 2680 quicquid
913 2600 1012 2675 libeat,
1025 2611 1166 2681 tanquam
1179 2602 1351 2682 impunitate

254 2693 368 2755 arabis
382 2704 413 2751 et
426 2692 540 2773 legibus
555 2692 713 2773 proposita.
756 2693 834 2753 Nam
853 2693 878 2753 si
898 2692 1062 2773 negligetis,
1076 2704 1107 2755 et
1128 2714 1236 2774 susqm
1255 2695 1350 2775 deque

253 2783 363 2858 teretis,
394 2784 519 2865 suspicio
542 2784 606 2855 erit,
628 2804 680 2846 vos
701 2804 820 2867 quoque
843 2805 937 2846 mores
962 2784 1046 2847 istius
1069 2783 1196 2847 mulieris
1218 2788 1353 2867 probare.

255 2877 353 2942 Quare
374 2876 462 2957 longe
484 2876 676 2955 praestitisset,
691 2896 752 2937 non
773 2877 835 2937 fieri
855 2878 911 2937 boc
922 2877 1077 2957 judicium,
1096 2896 1184 2957 quam
1203 2898 1239 2939 eo
1261 2880 1351 2951 tacto,

252 2966 339 3029 istam
354 2969 476 3030 absolvi.
519 2970 646 3031 Omnino
663 2970 740 3029 enim
761 2972 823 3046 jam
845 2970 947 3029 scortis
959 2969 1081 3031 licentia
1093 2970 1208 3032 dabitur
1221 2972 1351 3032 nubendi

254 3062 360 3141 quibus
382 3061 494 3135 rolant,
516 3082 643 3140 suosque
667 3061 773 3121 liberos
792 3060 855 3138 ejus
878 3080 944 3121 esse
961 3061 1089 3133 dicendi,
1104 3063 1199 3145 quiin
1221 3077 1348 3126 mentem

253 3152 295 3211 eir
309 3155 430 3214 venerit.
470 3152 546 3211 Tum
569 3152 650 3231 leges
671 3162 777 3211 vestrm
798 3150 905 3211 futurae
925 3167 995 3214 sunt
1011 3156 1108 3227 irrita,
1123 3167 1185 3215 tum
1199 3155 1348 3219 blanditia

254 3253 414 3301 scortorum
438 3242 569 3302 obtinere
593 3250 732 3321 poterunt
753 3244 894 3322 quicquid
920 3244 1032 3308 libebit.
1072 3249 1171 3317 Quare
1191 3259 1223 3310 et
1243 3251 1348 3312 civium

253 3341 416 3391 nostrarum
434 3333 539 3393 habete
552 3334 706 3407 rationem,
720 3347 804 3395 utne
818 3356 980 3418 pauperum
993 3340 1062 3401 tiliae
1075 3352 1199 3420 nuptum
1212 3342 1349 3405 collocari

253 3434 411 3502 nequeant.
454 3424 542 3485 Nunc
566 3427 653 3499 enim,
675 3430 792 3489 tametsi
816 3429 914 3509 aliqua
935 3434 1111 3513 paupercula
1134 3444 1190 3507 est,
1203 3432 1302 3495 dotem
1322 3438 1350 3497 ei

254 3514 325 3577 satis
339 3534 475 3596 magnam
490 3518 602 3577 confert
615 3519 671 3589 lex,
687 3521 713 3580 si
726 3520 901 3583 mediocrem
916 3523 1063 3585 duntaxat
1079 3545 1098 3585 a
1111 3536 1215 3587 natura
1226 3528 1347 3589 formam

254 3606 418 3687 acceperit:
439 3608 609 3689 proculcata
631 3622 728 3671 autem
744 3614 855 3674 avobis
874 3614 932 3675 hac
946 3616 1022 3696 lege,
1036 3628 1076 3690 et,
1090 3618 1209 3680 muliere
1222 3620 1278 3679 ista
1297 3622 1346 3681 ab·

254 3698 361 3772 soluta,
376 3700 455 3761 irrita
469 3700 557 3775 lacta,
571 3704 689 3764 omnino
698 3703 761 3784 jam
774 3716 934 3766 scortorum
953 3695 1083 3786 quaestus
1098 3710 1136 3770 ad
1150 3712 1255 3771 civium
1274 3712 1346 3775 filias

254 3788 433 3865 devolvetur,
446 3814 512 3873 quae
526 3804 646 3875 propter
660 3796 787 3876 inopiam
801 3817 859 3857 non
876 3810 1014 3879 poterunt
1032 3801 1150 3875 elocari,
1163 3814 1252 3883 atque
1265 3804 1344 3885 inga-

254 3902 378 3943 nuaram
392 3886 543 3945 mulierum
556 3886 682 3966 dignitas
697 3888 736 3947 ad
750 3892 927 3965 meretrices,
944 3912 1010 3951 cum
1023 3895 1195 3972 permissum
1208 3896 1250 3956 eis
1264 3898 1345 3958 luerit

255 3978 403 4057 suscipere
416 3978 521 4039 liberos
535 3998 587 4059 pro
602 4000 655 4040 sua
667 3979 799 4055 libidine,
811 3992 842 4042 et
861 3982 953 4055 festis,
968 3995 998 4043 et
1018 3987 1118 4059 sacris,
1136 3999 1166 4048 et
1188 3990 1343 4053 bonoribus

255 4086 291 4126 ex
310 4090 395 4149 aequo
421 4072 477 4131 frui
498 4072 632 4133 civitatis.
674 4074 773 4142 Quare
790 4075 899 4155 singuli
917 4087 1017 4156 putate
1037 4099 1090 4139 vos
1105 4078 1179 4141 ferre
1198 4083 1344 4163 suffragia,

254 4158 327 4219 alius
340 4182 393 4241 pro
404 4184 503 4237 uxore,
520 4163 594 4224 alius
606 4186 659 4245 pro
672 4164 742 4237 filia,
758 4166 831 4227 alius
846 4188 898 4247 pro
911 4181 1014 4241 matre,
1028 4154 1102 4231 alitis
1119 4194 1172 4253 pro
1191 4175 1343 4255 republica,

253 4260 283 4310 et
296 4250 419 4331 legibus,
433 4268 463 4316 et
476 4258 580 4329 sacris,
592 4278 629 4319 ne
645 4257 701 4319 illae
714 4259 817 4319 eodem
831 4258 928 4320 haberi
948 4261 1014 4322 loco
1032 4277 1099 4324 turn
1116 4269 1267 4329 meretrice
1288 4269 1344 4330 iata

255 4340 427 4405 rideantur:
450 4369 524 4409 nere
538 4350 567 4409 in
580 4370 688 4431 magna
701 4364 731 4410 et
746 4353 887 4431 praeclara
899 4354 1052 4430 modestia,
1063 4366 1093 4417 et
1104 4377 1184 4432 cura,
1205 4380 1224 4419 a
1242 4380 1341 4441 paren-

252 4436 330 4499 tibus
344 4448 373 4499 et
387 4444 519 4521 cognatis
534 4443 677 4521 educatae,
691 4455 721 4505 et
741 4444 780 4505 ad
798 4448 968 4529 prescripta
979 4448 1076 4531 legum
1097 4451 1231 4529 elacata,
1241 4454 1341 4515 eadem
