2967 5017
465 292 683 352 ADVERSUS
709 295 908 356 spument.
1171 295 1231 354 699

135 453 262 506 nurum
284 463 380 522 agere,
391 445 424 502 in
441 463 648 525 pmmanren
670 445 778 508 deiude
796 447 915 508 relictas
931 428 1048 508 tubulas
1061 458 1092 507 et
1102 445 1232 508 testimo}

135 536 215 596 nium
229 535 424 614 Aristogenis.
467 537 582 598 Recita.

280 727 284 732 ’
357 755 446 814 nex.
487 755 657 815 nlrsnn.
686 755 1002 817 ⁴‘rnsnnonnun

139 957 142 964 .
173 903 204 956 4.
226 899 348 962 Docebo
368 919 421 985 vos
441 899 539 972 etism,
555 901 688 974 iudices,
707 891 878 979 singulatim
891 919 927 961 ea
939 900 978 960 de
991 900 1097 979 quibus
1113 887 1230 959 accuso.

132 989 430 1073 Phialam'acceptam
444 1012 469 1056 a,
477 993 630 1073 Polyeucti
644 1013 746 1064 uxore,
758 1011 848 1072 quam
861 1012 931 1052 cum
946 992 1040 1052 eureis
1053 989 1231 1052 ornamentit

131 1083 368 1162 oppigneratam,
380 1105 438 1146 non
448 1085 595 1165 protulere
609 1087 741 1165 quamvis
751 1095 908 1165 receptam,
920 1078 958 1144 ut'
966 1084 1049 1144 vobis
1057 1076 1232 1162 Demophy'·

130 1173 180 1234 lus
195 1176 243 1236 cui
256 1177 448 1257 oppignerata
465 1178 516 1239 ilia
535 1179 652 1240 inerant
666 1179 835 1240 testabitur:
857 1175 1076 1237 tabernaculum
1090 1183 1232 1254 presteras

129 1267 349 1346 quodhebent,
365 1290 433 1331 nsnr
455 1271 483 1330 id
503 1291 618 1350 quoque
641 1281 795 1351 acceptum
813 1289 874 1331 non
894 1271 1062 1350 proferunt:
1084 1268 1141 1328 alia
1161 1268 1231 1328 item

130 1379 221 1438 quarn
240 1361 333 1422 multe
354 1361 418 1441 ejus
441 1362 575 1442 generis?
599 1374 748 1442 postremo
765 1382 833 1422 cum
848 1382 922 1422 uxcr
942 1383 1009 1422 mea
1027 1363 1103 1440 patri
1121 1361 1231 1421 minam

129 1452 244 1531 argenti
257 1453 297 1512 ad
312 1453 450 1526 Nemesis
464 1455 621 1515 contulerit
636 1465 666 1515 et
684 1476 737 1535 pro
751 1475 788 1516 ec
801 1421 973 1534 erogaverit,
987 1473 1042 1514 nec
1065 1454 1155 1532 hujus
1176 1451 1230 1536 im·

128 1564 232 1623 pensoe
253 1557 367 1625 partem
392 1547 536 1611 sustinere
560 1547 636 1608 vult:
659 1547 714 1608 sed
736 1549 796 1608 alia
815 1558 966 1627 proecepts
984 1545 1086 1619 habet,
1107 1546 1230 1606 aliorum

126 1648 231 1714 partes
250 1638 363 1716 recipit,
377 1658 413 1697 ea
429 1658 500 1698 vero
518 1659 585 1717 quoe
609 1641 651 1698 ita
670 1639 823 1699 manifeste
845 1639 935 1698 debet
955 1657 1013 1697 nan
1037 1637 1145 1697 reddit.
1186 1637 1231 1697 Ut

89 1723 96 1746 ⁰
124 1727 219 1806 igitur
232 1747 328 1806 neque
342 1730 406 1788 inec
419 1730 687 1808 praetermittantur,
703 1747 776 1807 caps
789 1728 860 1788 mihi
879 1747 980 1788 eorum
998 1727 1130 1787 omnium
1148 1727 1230 1791 testi·

122 1835 242 1878 monta.

538 2037 814 2100 TESTIMONIA.

174 2195 204 2250 6.
224 2155 370 2254 Fortassis
393 2203 502 2263 autem,
517 2193 650 2266 Judices,
664 2204 767 2256 contra
787 2192 852 2252 haec
869 2191 942 2250 nihii
964 2190 1044 2252 dicet
1061 2193 1230 2272 Spcdias-

8 2277 11 2354 ζ
131 2303 230 2364 neque,
244 2285 321 2346 enim
340 2287 448 2366 poterit
465 2305 633 2364 quanqum
653 2295 699 2348 est
718 2283 896 2358 callidua-,
911 2283 968 2343 sed
986 2283 1177 2363 Polyeuctum
1198 2296 1230 2345 et

131 2381 195 2450 ejus
208 2395 329 2442 uxorem
342 2377 552 2448 criminabitur,
571 2396 680 2456 eosque
696 2378 778 2437 dicet
794 2396 814 2436 a
824 2395 873 2436 me
894 2375 1040 2436 adductos
1053 2374 1231 2437 haecomnia

131 2467 238 2528 fecisse
251 2469 281 2529 in
295 2487 391 2528 meam
405 2470 541 2548 gratiam,
556 2479 643 2547 etque
665 2469 739 2529 adeo
763 2487 797 2528 se
820 2468 919 2528 multis
942 2467 1007 2527 aliia
1023 2466 1162 2528 affectum
1173 2469 1229 2529 ds·

131 2558 294 2632 mnis,rnihi
307 2561 385 2620 diem
399 2561 524 2621 dixisse:
540 2580 608 2620 nam
619 2561 684 2620 hoec
699 2571 728 2620 et
742 2560 822 2640 apud
834 2560 974 2620 arbitrum
986 2559 1082 2620 dicere
1094 2561 1228 2621 instituit

134 2651 199 2729 Egc
214 2672 294 2726 vero,
315 2653 334 2713 J
338 2653 448 2727 udices,
462 2653 587 2733 primurn
601 2671 660 2712 non
674 2670 790 2729 requam
810 2671 876 2711 esse
889 2671 998 2712 censeo
1014 2651 1104 2712 talem
1126 2653 1228 2712 defen·

130 2743 254 2816 sionem,
269 2765 365 2824 neque
382 2743 548 2816 convenire,
563 2743 587 2802 si
601 2743 667 2820 quis
680 2753 781 2820 aperte
794 2743 983 2814 convincitur,
996 2753 1031 2802 ut
1042 2743 1159 2804 retortis
1172 2747 1229 2804 cri·

131 2833 257 2904 minibus
280 2847 402 2898 accuset
420 2845 449 2895 et
470 2835 680 2896 calumnietur:
714 2851 784 2892 nem
803 2831 855 2890 itta
876 2833 1005 2910 quidem,
1025 2837 1051 2894 si
1072 2855 1131 2913 qua
1147 2837 1175 2895 ei
1195 2838 1230 2896 dt

132 2915 258 3007 injuria,
270 2927 405 2988 nimirum
429 2927 595 2996 ulciscetur,
618 2923 724 2984 horum
736 2942 806 2984 vero
827 2923 909 2982 dabit
928 2943 1039 3005 peenas.
1080 2925 1138 2992 Qut
1151 2929 1229 2988 enirn

131 3037 190 3099 ego
202 3015 281 3086 nduc
292 3020 413 3080 istorum
427 3017 588 3079 calumnias
603 3017 750 3088 refutabo,
763 3015 798 3076 iis
812 3014 976 3074 omissisde
986 3015 1091 3100 quibus
1098 3035 1229 3096 vespro-

132 3108 332 3180 nunciabitisi
366 3112 485 3174 Deinde
498 3112 585 3172 miror
599 3129 755 3190 quamnam
767 3110 806 3169 cb
820 3126 952 3180 cauum,
966 3107 1111 3185 siquidem
1121 3129 1187 3170 uere
1200 3123 1230 3171 et

126 3205 361 3282 jure,aecusure
383 3224 429 3264 me
453 3202 557 3284 potuit,
572 3222 639 3284 cnm
663 3219 716 3262 uos
739 3199 824 3260 amici
846 3198 1031 3262 reconciliare
1053 3200 1174 3273 vellent,
1198 3213 1229 3264 et

133 3297 228 3356 malta
240 3297 331 3358 verba
351 3296 431 3356 facte
452 3307 562 3374 essent,
576 3296 607 3354 in
626 3293 738 3356 iliorum
754 3293 879 3354 decretis
896 3294 1083 3372 acquiescere
1102 3314 1163 3373 nqn
1175 3315 1227 3376 pc·

133 3385 241 3448 tuerit?
272 3390 313 3448 A:
326 3387 444 3468 quinam
464 3397 496 3450 et
512 3407 593 3448 mess
606 3397 636 3448 et
653 3385 730 3446 iilius
752 3385 948 3446 accusationis
962 3383 1229 3472 falsas-redarguis-

131 3490 200 3542 sent
223 3473 347 3554 facilius,
361 3501 449 3567 quam
469 3480 500 3540 hi
521 3481 571 3560 qui
593 3481 680 3541 rebus
701 3477 783 3538 hisce
809 3479 943 3540 omnibus
962 3477 1164 3555 interfuerant,
1177 3482 1228 3562 qni
1249 3506 1251 3513 ·

132 3592 220 3652 :nque
233 3573 384 3644 nobiscum
398 3581 505 3632 norant
515 3571 624 3642 omnia,
633 3569 683 3650 qui
694 3560 863 3630 communes
876 3570 1006 3650 utrisque
1025 3573 1110 3632 amici
1123 3573 1227 3633 stanti

133 3665 392 3746 Sedperspicuum
403 3675 459 3738 est,
467 3663 795 3736 cnmabeismauiierte
803 3663 1006 3744 coarguendus
1016 3665 1149 3736 esseead
1159 3685 1227 3726 euru

131 3757 423 3837 :nodumtrsnsigere
432 3775 489 3818 ere
502 3755 579 3818 illius
588 3775 648 3818 non
661 3755 763 3818 inisse.
784 3755 892 3835 Neque
902 3756 978 3818 enim
986 3754 1094 3837 'putare
1103 3755 1226 3828 debetis,

131 3849 269 3921 iudicer,
289 3869 341 3910 ecs
357 3851 409 3928 qui
429 3849 494 3910 brec
507 3849 609 3909 amnia
620 3848 729 3921 sciunt,
745 3867 824 3908 nunc
837 3865 893 3908 suc
905 3846 976 3908 mihi
987 3846 1116 3926 periculo
1129 3845 1227 3907 dicere

130 3941 342 4016 testimonium,
355 3952 418 4004 tum
428 3961 498 4004 vern
503 3941 618 4022 juratos
632 3939 712 4002 aliud
724 3939 816 4000 fuisse
830 3938 868 3999 de
880 3939 932 3998 lite
943 3937 1194 4020 pronunciatum.

152 4097 155 4104 ,
172 4037 203 4098 6.
224 4035 314 4104 Quod
329 4034 426 4102 situle
439 4034 597 4120 nihilinter
610 4051 665 4094 nos
680 4033 900 4104 intercessisset,
915 4052 952 4092 ne
964 4042 1026 4091 turn
1040 4029 1159 4109 quidem
1170 4031 1226 4092 dif-

130 4127 210 4198 ficiie
222 4137 301 4190 esset
312 4137 449 4198 statuere,
463 4136 528 4192 uter
546 4147 615 4187 vera
628 4125 747 4186 diceret.
790 4125 867 4185 Nam
882 4123 920 4182 de
937 4121 1099 4194 uadibus,ai
1119 4123 1160 4185 ait
1173 4125 1227 4183 im·

131 4217 301 4300 puisumec
319 4217 513 4300 Polyeuctum
535 4217 693 4296 mandcsse
714 4226 748 4276 ut
764 4215 854 4304 littelii
867 4213 945 4274 mille
963 4213 1170 4296 drachmarum
1183 4215 1227 4276 in·

131 4307 447 4390 diceseppcnerentur,
461 4319 492 4370 et
502 4329 560 4370 non
571 4310 660 4373 etiam
670 4309 796 4370 testibus
809 4307 939 4388 persuasi
950 4306 1095 4380 nimirum,
1104 4307 1228 4388 Spudia,
1267 4355 1272 4363 ,

131 4413 163 4461 ut
176 4403 206 4462 iu
219 4421 315 4464 mesra
329 4405 450 4482 gratiam
467 4401 542 4462 suisa
555 4391 744 4471 testarentur,
766 4401 817 4479 qui
836 4399 944 4461 affuere
959 4420 1027 4462 curn
1048 4399 1118 4462 mibi
1138 4397 1229 4460 filiurn
