2967 5017
272 343 330 400 670
606 342 649 400 ΙΝ
671 341 1024 406 ΟΙΧΜΡΙΟΒΟΒΙΙΜ.

271 495 413 567 veniebat,
435 495 465 554 id
486 495 565 576 qnod
585 496 655 556 milri
676 496 762 556 etiam
781 516 862 556 nnnc
881 517 936 556 usu
949 497 1037 556 venit
1078 495 1263 572 Quanquam
1275 491 1363 561 euim,

271 586 400 660 ludices,
414 587 525 666 litigare
538 607 603 648 cum
625 589 833 668 Olympiodoro
845 587 929 649 affine
949 608 1014 648 meo
1033 586 1110 666 (ejus
1131 584 1215 644 enim
1236 603 1363 644 sororem

270 679 300 740 iu
319 681 501 740 matrimonio
514 679 622 753 habeo)
635 681 783 752 convolo,
800 682 915 760 magnis
935 690 1033 741 tamen
1050 679 1112 757 ejus
1131 676 1251 756 injuriis
1264 695 1363 755 cogor.

271 771 359 842 Quod
384 772 409 832 si
433 771 515 832 nulla
532 771 636 850 injuria
654 773 818 845 lacessitus,
831 774 963 844 ludices,
976 772 1028 832 sed
1052 790 1105 850 per
1127 769 1314 830 calomniam
1335 777 1366 826 et

268 862 452 924 mendacium
466 883 532 924 eum
546 883 721 937 accusarem,
736 865 1020 925 autcontrorersiam
1032 864 1104 922 meis
1114 873 1148 922 et
1157 860 1365 943 olympiodori

269 955 456 1016 familiaribus
475 957 639 1036 permittere
663 956 831 1030 noluissem,
844 968 896 1018 aut
916 957 1004 1016 ullam
1021 955 1106 1015 oliam
1123 954 1301 1034 oeqoitatem
1314 954 1364 1012 de-

270 1057 450 1122 trectassem,
465 1049 532 1108 mihi
553 1047 670 1120 credite,
686 1049 871 1110 vehementer
890 1051 1089 1109 erubescerem
1103 1056 1134 1106 et
1152 1067 1201 1106 me
1216 1046 1363 1106 hominem

269 1157 334 1199 esse
355 1141 517 1220 improbum
542 1140 754 1201 existimarem:
782 1163 860 1202 nunc
884 1161 977 1220 neque
1004 1140 1097 1219 parvis
1118 1139 1309 1200 detrimentis
1328 1137 1363 1196 ab

260 1231 479 1311 Olympiodoro
503 1233 640 1310 acceptis,
665 1252 759 1312 neque
786 1245 969 1313 sequestrum
993 1233 1085 1292 ullum
1112 1232 1245 1311 lugiens,
1271 1249 1362 1309 neque

268 1323 365 1395 etiam,
379 1325 482 1383 dorem
497 1324 647 1403 Optimum
675 1325 838 1386 Maximum
855 1338 956 1396 testor,
970 1326 1057 1396 ultro,
1073 1323 1125 1384 sed
1141 1343 1236 1402 quam
1254 1322 1362 1382 inritis-

267 1414 366 1485 simus‚
379 1423 500 1473 coactus
516 1417 553 1474 ab
562 1415 619 1476 isto
630 1435 694 1474 sum
708 1415 763 1476 hoc
778 1418 873 1476 subire
883 1418 1034 1496 judicium.
1076 1417 1177 1484 Quare
1191 1435 1248 1475 vos
1262 1431 1361 1473 omnes

267 1506 296 1564 in
310 1505 406 1585 primis
428 1524 509 1585 rogo,
523 1505 541 1564 J
545 1507 656 1578 udices,
669 1517 703 1566 ut
720 1519 851 1567 nostrum
865 1521 986 1586 utroque
1001 1508 1111 1579 audito,
1120 1520 1151 1566 et
1163 1507 1221 1588 ipsi
1238 1525 1362 1568 censura

266 1597 308 1658 rei
330 1607 466 1678 suscepta
488 1619 540 1658 nos
564 1599 766 1659 reconciliatos
788 1599 948 1671 dimittatis,
964 1611 995 1659 et
1016 1600 1054 1659 de
1076 1611 1204 1678 utroque
1229 1610 1359 1660 nostrum

266 1690 342 1749 bene
356 1691 540 1754 mereamini:
562 1691 607 1750 sin
624 1691 655 1752 id
675 1693 817 1770 consequi
838 1712 898 1752 non
911 1693 1073 1772 potueritis,
1088 1701 1122 1750 ut
1144 1692 1183 1751 dc
1208 1702 1318 1753 cereto
1334 1689 1361 1748 ei

266 1780 315 1858 qui
329 1800 447 1842 causam
467 1783 613 1843 meliorem
627 1783 716 1844 habet
735 1784 941 1863 suffragemini.
982 1788 1028 1844 Ac
1044 1785 1168 1863 primum
1191 1783 1362 1854 testimonia

264 1871 474 1946 recitabuntur,
489 1875 566 1934 unde
590 1876 740 1954 apparebit
759 1896 811 1953 per
831 1895 879 1936 me
899 1895 959 1934 non
976 1876 1178 1945 sorsfactum,
1193 1875 1361 1955 utinjudi-

265 1965 341 2023 cium
352 1967 507 2035 veniretur,
522 1964 573 2025 sed
587 1985 639 2044 per
651 1968 740 2026 istum
756 1969 861 2045 ipsum.
903 1966 1007 2028 Recita
1019 1967 1194 2027 testimonia.

671 2218 942 2279 TESTIMONIA.

264 2366 315 2425 Me
331 2367 426 2446 igitur,
441 2365 572 2436 ludices,
588 2374 618 2423 et
638 2383 737 2442 aequas
751 2374 781 2423 et
800 2361 1006 2422 convenientes
1026 2360 1240 2441 Olympiodoro
1254 2361 1360 2423 tulisse

261 2458 454 2528 conditiones,
480 2457 626 2517 testificati
654 2456 673 2514 ii
697 2465 766 2516 sunt
788 2457 839 2534 qui
861 2454 1072 2516 interfuerunt:
1106 2474 1197 2533 quum
1214 2475 1286 2516 vero
1310 2457 1359 2516 ille

261 2569 379 2632 prorsus
393 2549 469 2628 requi
482 2549 554 2608 nibil
568 2548 721 2608 admittere
742 2547 876 2620 voluerit,
890 2565 1011 2607 necesse
1031 2557 1078 2607 est
1100 2548 1180 2627 apud
1193 2567 1248 2607 ros
1265 2567 1358 2627 expo·

260 2663 329 2703 nere
341 2643 447 2721 quibus
461 2641 570 2702 afficiar
585 2643 622 2700 ab
633 2641 846 2722 Olympiodoro
860 2639 980 2721 injuriis.
1022 2639 1122 2699 Brevis
1137 2650 1236 2699 autem
1250 2659 1289 2700 ea
1302 2640 1357 2699 erit

259 2735 361 2795 oratio.
837 2760 839 2763 ·

299 2831 329 2888 2.
343 2827 446 2887 Conon
456 2827 771 2907 Helaeensiscognatus
781 2825 950 2897 materfuit,
965 2825 1096 2884 Judices.
1126 2826 1156 2884 ls
1172 2825 1279 2884 Conon
1290 2824 1352 2882 sine

257 2919 355 2982 liberis
377 2919 512 2992 decessit,
537 2941 603 2980 cum
626 2921 742 2980 omnino
758 2938 846 2998 parvo
865 2927 995 2996 tempore
1015 2915 1211 2988 decubuisset,
1233 2915 1351 2996 grandis

257 3027 327 3074 natu
342 3033 407 3074 cum
422 3023 591 3074 moreretur.
634 3013 697 3090 Ego
715 3031 782 3072 cum
800 3029 867 3068 eum
886 3029 945 3068 non
958 3029 1045 3088 posse
1059 3010 1183 3069 evadere
1204 3010 1350 3078 sentirem,

256 3107 393 3166 accersivi
407 3105 657 3184 Olympiodorum,
672 3113 705 3162 ut
720 3102 839 3160 adesset
857 3121 972 3179 unaque
986 3102 1135 3161 nobiscnm
1154 3113 1273 3162 curaret
1285 3119 1350 3180 qure

257 3197 395 3256 decerent
415 3197 532 3254 omnia:
554 3194 780 3274 Olympiodorus
801 3193 899 3272 igitur,
913 3193 1044 3263 ludices,
1060 3204 1093 3252 ut
1106 3194 1144 3253 ad
1164 3213 1209 3253 me
1228 3194 1351 3254 renitet

257 3287 293 3346 ad
308 3305 435 3345 sororem
450 3305 544 3355 suam,
555 3304 673 3346 uxorem
689 3305 793 3356 meam,
805 3305 865 3344 una
878 3285 1029 3344 nobiseum
1043 3287 1141 3345 omnia
1154 3299 1249 3347 curat.
1272 3287 1348 3345 Dum

256 3385 323 3438 vero
338 3399 391 3438 nos
407 3378 461 3462 hac
473 3397 544 3437 cura
557 3377 952 3458 occupamur,eximproviso
963 3378 1056 3437 adme
1069 3379 1239 3440 rerbafaeit
1249 3380 1349 3457 Olym·

254 3471 405 3556 piodorus,
420 3480 541 3530 matrem
562 3490 678 3550 quoque
699 3491 782 3531 suam
802 3480 958 3550 cognatam
978 3491 1043 3530 esse
1063 3472 1180 3532 Coroni
1197 3472 1347 3541 defuncto,

255 3583 371 3644 aequum
386 3562 472 3642 igitur
487 3583 551 3622 csse
565 3576 598 3623 ut
609 3564 639 3622 in
654 3573 765 3642 partem
784 3564 896 3622 renuet
908 3563 1037 3623 omnium
1050 3565 1195 3624 bonorum
1208 3585 1276 3645 quoe
1291 3564 1348 3623 Co·

255 3677 313 3716 non
329 3654 498 3733 reliquisset.
541 3655 605 3733 Ego
619 3675 698 3726 vero,
708 3655 839 3729 Judices,
853 3655 906 3733 qui
916 3656 1018 3716 scirem
1032 3677 1099 3716 eum
1112 3656 1228 3716 mentiri
1241 3670 1272 3717 et
1283 3675 1346 3736 per·

253 3749 355 3808 fricare
371 3748 492 3807 frontem
508 3747 678 3818 instituisse,
693 3745 774 3826 quod
787 3767 873 3806 nemo
887 3747 961 3807 alius
976 3749 1093 3808 Cononi
1111 3768 1217 3827 genere
1231 3749 1345 3829 propior

253 3851 329 3898 esset
342 3859 428 3917 quam
444 3859 510 3918 ego,
524 3839 645 3918 primurn
667 3858 756 3919 quam
777 3841 859 3917 potui
878 3839 1048 3918 gravissime
1061 3860 1126 3898 sum
1140 3853 1303 3903 commotus
1316 3848 1345 3898 et

252 3928 419 4012 indignatus
434 3933 470 3991 ob
485 3931 693 4011 impudentiam
708 3931 865 3992 orationis:
887 3931 993 3991 deinde
1005 3951 1117 3993 mecum
1127 3934 1188 4013 ipsc
1199 3944 1344 4014 reputans,

251 4046 298 4085 me
320 4046 378 4085 non
401 4026 570 4105 tempestive
593 4024 688 4097 irasci,
707 4025 883 4103 respondeo,
908 4023 1079 4084 defunctum
1100 4027 1299 4105 sepeliendum
1315 4025 1343 4082 io

250 4119 404 4196 prasentia
418 4129 447 4176 ct
459 4118 516 4178 alia
525 4118 608 4197 justa
621 4117 651 4176 ei
661 4117 856 4196 persolvenda
867 4136 949 4186 esse;
970 4137 1035 4194 qum
1057 4118 1107 4177 ubi
1126 4121 1224 4178 omnia
1243 4127 1343 4179 curata

250 4219 359 4278 essent,
374 4221 433 4268 tum
459 4211 535 4270 iuter
559 4231 613 4270 nos
636 4209 712 4272 selle
733 4209 906 4288 disceptare.
949 4211 1026 4288 lpse,
1047 4210 1178 4282 ludices,
1200 4209 1341 4272 concessit

249 4300 325 4372 heac,
348 4312 425 4360 recte
451 4321 498 4362 me
521 4303 619 4364 dicere
641 4322 795 4364 assensus:
816 4312 970 4380 postquam
993 4312 1091 4363 autem
1105 4305 1193 4382 justis
1211 4306 1340 4363 omnibus

248 4393 402 4474 persolutis
417 4395 521 4456 reversi
537 4417 648 4470 sumus,
663 4394 811 4458 accersitis
828 4395 962 4456 omnibus
976 4396 1109 4474 cognatis
1121 4397 1198 4457 inter
1211 4417 1263 4458 nos
1280 4395 1337 4474 jam
