2967 5017
147 643 456 750 ARGUMENTUM
478 651 701 718 ORATlONlS
723 657 940 719 ADVERSUS
961 657 1221 720 PHAENIPPUM

335 773 342 786 ³
371 787 374 794 -
472 747 527 808 DE
552 749 905 812 PERMuuuuloraEs

170 877 234 928 lunc
247 879 320 930 oratio
332 898 376 930 non
387 886 489 934 refertur
506 903 520 936 s
538 889 652 938 nonnullis
667 891 696 938 sd
714 893 908 940 Demosthenen:
922 900 1081 955 srpnnneutusn
1092 897 1169 938 sutsnr
1185 891 1232 940 tals

137 953 218 1004 lssust.
232 957 289 1006 Brst
300 959 382 1010 classis
395 964 455 1024 apud
467 965 621 1015 Athenienses
631 974 784 1016 tresentorom
794 969 904 1025 suorum,
914 968 937 1016 iu
948 983 1015 1030 assu
1025 967 1135 1015 ditissimi
1145 965 1233 1031 qsiqse

137 1029 188 1092 legi
210 1032 271 1081 soliti
286 1051 357 1085 onors
367 1040 474 1101 prosimu
485 1042 643 1092 sustinebant:
662 1043 702 1092 lex
716 1050 793 1093 sutum
812 1045 960 1107 permittebat
969 1045 992 1094 ei
1004 1045 1044 1106 qni
1055 1051 1163 1105 sumptus
1174 1042 1233 1090 tole·

137 1123 192 1155 rsre
209 1125 252 1156 non
262 1121 341 1171 posset
352 1131 380 1162 es
389 1117 464 1165 olssss
476 1119 599 1177 excudere,
612 1120 632 1167 si
643 1137 710 1184 quem
723 1138 749 1168 sa
759 1122 933 1183 locupletiorem
947 1129 1063 1169 rscsntsnn
1075 1119 1234 1176 ostendissst;

138 1185 203 1244 quud
216 1185 236 1232 si
247 1186 316 1250 isqui
327 1191 491 1252 designsbstor
502 1211 527 1242 sc
539 1196 646 1244 ditiorem
658 1213 710 1246 esse
721 1193 877 1254 [samsucio
889 1205 1006 1245 moestos
1021 1197 1117 1244 ulterius
1134 1196 1185 1242 loco
1196 1210 1233 1242 re·

135 1259 261 1319 immuto
277 1267 313 1312 tin
331 1269 438 1329 uegsbsr,
453 1273 612 1330 permutabnnt
629 1273 689 1322 inter
705 1291 730 1322 so
746 1275 876 1324 insultores.
909 1277 976 1322 Nouo
989 1275 1062 1336 igitur
1077 1278 1232 1321 tumturn

137 1341 391 1391 monasterorum
407 1353 432 1392 ot
446 1361 572 1410 properum
584 1365 637 1398 esse
648 1365 801 1412 conquerens,
811 1353 962 1414 Plroenippsrn
979 1351 1075 1400 invsdit.
1107 1349 1189 1406 Quare
1202 1349 1233 1396 sd

136 1427 210 1500 ultum
222 1419 413 1478 permutationem
423 1423 527 1472 ueniunt.
549 1429 651 1476 Accusat
661 1437 736 1478 nutem
750 1429 913 1491 l’boenippusn,
921 1431 992 1492 utqui
1001 1427 1232 1489 seoussotpuum

136 1503 172 1536 res
181 1491 302 1542 familiaris
312 1496 416 1558 legitimo
427 1507 532 1563 tenpore
542 1506 642 1560 dederit,
654 1507 696 1554 ssd
707 1509 781 1554 stultu
793 1515 856 1570 post,
864 1515 889 1555 et
896 1508 964 1570 signs
971 1509 1001 1556 ab
1008 1508 1098 1554 eniens
1109 1504 1233 1552 miniari!

134 1567 277 1690 mumdum
290 1587 346 1692 gun
365 1572 427 1624 intus
444 1578 530 1627 luerint
541 1581 688 1638 distraheret,
698 1590 722 1630 st
736 1599 761 1629 se
772 1583 863 1630 cnidum
875 1583 972 1632 multon
984 1583 1043 1632 islso
1055 1581 1181 1647 postulenti
1192 1580 1233 1627 ds·

204 1657 263 1690 sumn
275 1660 288 1692 e
683 1669 687 1675 ·
1218 1677 1222 1684 .

406 2107 963 2193 DEMOSTHENIS
1023 2189 1028 2198 .

302 2285 628 2407 inversus
672 2334 1066 2411 PHAENIPPUM

209 2623 213 2632 Ι
332 2541 398 2606 ΒΕ
422 2541 813 2608 PERMUTA'I’IONE
842 2545 1039 2612 ORATIO.

181 2713 290 2774 l.D11
314 2715 510 2786 benefaciant,
533 2714 666 2784 Judices,
690 2713 813 2791 primum
837 2717 920 2775 vobis
952 2719 1098 2790 omuibus,
1126 2718 1233 2781 deinde

136 2807 226 2868 etiam
250 2807 349 2866 Soloni
372 2808 422 2886 qui
445 2807 541 2884 legem
563 2805 632 2864 tulit
647 2805 685 2864 de
706 2806 979 2881 permutationibus.
1022 2810 1086 2869 Nisi
1106 2813 1184 2885 enim
1204 2813 1231 2870 is

136 2911 238 2980 aperte
250 2899 335 2960 nobis
350 2901 535 2980 explicasset,
548 2897 619 2977 quid
632 2897 757 2978 primum
775 2916 826 2956 eos
839 2899 888 2976 qui
909 2909 1124 2977 permutassent
1135 2902 1234 2962 facere

135 2982 293 3072 oporteret,
307 2993 378 3072 quid
392 2993 521 3053 seeundo
533 2991 608 3064 loco,
619 3001 787 3066 caeteraque
800 2990 937 3070 deinceps
950 2991 1149 3062 ordine,haud
1161 2994 1233 3066 acio,

136 3105 196 3165 quo
210 3085 331 3147 tandem
348 3105 503 3165 progressa
521 3093 601 3145 esset
616 3082 771 3161 Phoenippi
784 3082 916 3143 audacia.
958 3082 1057 3151 Quum
1072 3103 1159 3154 nunc,
1178 3085 1233 3144 etsi

138 3179 242 3240 lex‘ea
260 3178 346 3237 nobis
368 3179 458 3238 edicit
478 3177 585 3249 omnia,
599 3185 696 3237 umen
716 3177 783 3253 juro
799 3175 829 3235 iu
851 3193 888 3234 ea
907 3176 1069 3255 perscripta
1090 3175 1232 3256 negligat.

138 3271 216 3331 Nam
230 3291 298 3332 eum
312 3269 389 3331 iutra
401 3269 527 3331 triduum
541 3289 577 3330 ex
590 3288 648 3348 quo
659 3269 771 3349 juraret
781 3267 1009 3328 declarationem
1019 3269 1061 3329 rei
1074 3289 1137 3328 snae
1150 3271 1233 3330 fami·

138 3362 215 3424 liaris
228 3365 299 3425 mihi
313 3385 349 3424 ex
363 3364 429 3443 lege
448 3363 517 3423 dare
534 3361 694 3430 debuisset,
708 3372 769 3433 aut,
789 3360 814 3420 si
835 3370 895 3419 tum
914 3361 1016 3433 nollet,
1031 3371 1115 3422 sexto
1127 3363 1232 3422 saltem

137 3455 246 3517 mensis
260 3458 378 3517 Sextilis
398 3457 454 3527 die,
468 3473 555 3534 quem
574 3453 710 3534 precibus
727 3472 746 3512 a
766 3471 812 3511 me
833 3451 1012 3531 impetrarat,
1028 3463 1060 3512 et
1081 3454 1121 3513 ad
1143 3473 1232 3532 quem

137 3549 308 3627 promiserat
329 3571 360 3610 se
382 3549 517 3609 daturum
541 3545 778 3616 declarationem,
792 3555 927 3604 neutrum
947 3546 1052 3605 horum
1073 3547 1153 3616 iecit,
1168 3548 1232 3620 sed,

137 3643 314 3721 contemptis
327 3641 457 3720 utrisque
470 3653 501 3700 et
515 3639 597 3700 vobis
611 3647 642 3698 et
655 3637 733 3717 lege,
748 3638 841 3698 altero
854 3656 953 3697 meuse
973 3636 1066 3711 dedit,
1080 3638 1171 3698 biduo
1180 3647 1234 3697 aut

137 3731 237 3792 triduo
249 3745 318 3794 ante
326 3734 430 3811 judicii
442 3735 622 3812 ingressum
635 3731 748 3809 reliquo
757 3729 837 3790 omni
850 3721 988 3809 tempore
995 3730 1126 3791 delituit:
1141 3748 1232 3807 quum

136 3823 207 3885 item
216 3825 304 3905 'signa
317 3825 434 3900 tedium,
448 3845 514 3905 quaa
528 3843 587 3904 ego
596 3842 801 3902 apposueram,
810 3822 1002 3901 relinquenda
1014 3831 1232 3901 esseut,egres·

137 3935 189 3978 sus
209 3917 240 3976 in
261 3937 364 3998 agrum
387 3918 509 4000 aperuit,
537 3925 568 3976 et
591 3915 732 3976 hordeum
753 3913 914 3994 etreliqua
935 3914 1050 3986 extulit,
1069 3913 1152 3992 quasi
1177 3933 1230 3991 po·

136 4018 274 4069 testatem
288 4011 317 4070 ei
330 4009 460 4072 dedisset
471 4009 517 4068 lex
528 4006 653 4068 faciendi
666 4005 808 4086 quicquid
820 4005 943 4079 libitum,
957 4025 1017 4065 non
1029 4003 1110 4084 quod
1119 4003 1231 4083 justum

137 4111 226 4162 eset

177 4199 208 4254 2.
230 4195 296 4276 Ego
305 4215 384 4268 vero,
397 4197 415 4256 J
418 4195 530 4265 udices,
541 4192 666 4252 maxime
679 4192 803 4272 optarim
816 4210 863 4251 me
875 4191 978 4250 florere
991 4189 1095 4270 opibus
1108 4201 1143 4250 ut
1153 4191 1232 4266 olim,

136 4295 302 4350 etmanere
316 4288 453 4370 possein
475 4295 671 4348 trecentorum
687 4304 827 4345 numero:
848 4283 987 4362 quonism
1007 4294 1106 4344 autem
1126 4285 1232 4364 partim

136 4383 302 4442 communis
313 4380 485 4442 calamitatis
496 4399 563 4440 eum
573 4379 608 4438 iis
619 4379 669 4457 qui
682 4399 699 4438 e
711 4377 820 4438 fodinis
830 4384 976 4457 quaestum
986 4376 1099 4438 iaciunt
1110 4376 1153 4435 fui
1165 4396 1232 4456 par-

136 4471 241 4553 ticeps,
254 4473 359 4555 partim
379 4473 493 4552 magnis
510 4469 691 4532 detrimentis
711 4467 846 4544 affectus,
859 4473 1004 4546 jacturam
1017 4469 1073 4530 feci
1089 4468 1129 4528 rei
1148 4467 1232 4528 iami-
