2967 5017
234 387 245 410 .
320 357 365 418 ttt
386 359 591 421 levandum
614 361 663 420 tm
686 359 975 422 mttttatuuwtt.
1128 360 1189 421 665

100 529 129 582 et
141 523 294 584 verberare
306 541 364 584 son
378 525 551 599 destiterint,
565 525 658 589 donec
680 527 708 589 el
725 528 863 608 poculum
882 547 901 587 e
919 528 984 586 slnu
1004 525 1190 606 erlpulssent.

101 613 214 676 Femuli
236 627 335 677 autem
355 619 514 680 vicinorum
533 619 633 681 auditu
651 619 788 694 clamore,
806 639 897 701 quum
916 639 995 680 mem
1008 617 1090 680 mdes
1104 617 1190 698 diripi

97 709 242 784 riderent,
252 709 327 771 aliie
339 711 398 773 auis
413 715 496 774 tectis
510 715 656 774 vocabant
668 713 945 792 proetereuntes,alii
960 712 1049 772 etiam
1062 710 1092 768 in
1105 710 1191 769 allam

98 800 173 862 siem
188 803 307 882 egressi,
328 815 358 864 et
373 792 593 886 llegnopbilum
606 798 831 886 praetereuntem
851 804 1021 885 conspicati,
1035 802 1190 882 jusserunt

97 894 246 955 accedere.
289 895 493 978 Hagnopbr'lus
516 909 623 973 sutem,
643 918 661 959 a
683 899 794 960 {amalo
810 897 1009 960 Anthemionis
1032 895 1191 956 accersitus

95 987 147 1064 qui
158 985 227 1047 mibi
237 989 349 1050 viciu'us
357 999 412 1060 est,
423 991 558 1066 accessit,
569 1011 605 1050 so
619 993 649 1050 in
660 986 738 1051 aedes
751 991 869 1070 quidem
879 993 1025 1070 lngressus
1034 1007 1095 1048 non
1105 995 1192 1047 est·-

95 1077 127 1137 id
142 1079 224 1138 enirn
237 1082 358 1141 absente
370 1080 489 1142 domino
501 1083 584 1143 nelas
596 1084 769 1164 putabet—,
781 1083 837 1143 sed
852 1083 882 1143 iu
896 1081 1099 1143 Anthemionis
1116 1099 1192 1158 prze-

95 1169 148 1229 dio
161 1181 251 1244 mens,
265 1173 336 1233 vidit
354 1185 384 1234 et
403 1175 612 1253 supellectrlem
635 1171 738 1246 efferri,
758 1185 788 1236 st
801 1175 951 1254 Evergnm
970 1191 1007 1235 ac
1031 1171 1191 1252 Tbecpbe·

96 1281 212 1324 mutue
231 1266 302 1325 mels
322 1266 434 1325 aedibus
453 1266 561 1344 egredi.
604 1265 706 1346 Neque
719 1287 799 1339 vero,
816 1267 948 1339 Judices,
964 1264 1092 1346 abreptis
1112 1263 1189 1323 dun·

96 1367 179 1416 taxat
202 1357 279 1417 vasis
303 1357 388 1418 meis'
401 1359 543 1429 abierunt,
564 1357 615 1418 sed
636 1367 667 1418 et
689 1357 780 1418 filium
806 1380 859 1440 pro
883 1378 967 1418 servo
992 1356 1190 1428 abduxerunt,

94 1446 192 1508 donec
215 1469 289 1509 uuus
313 1448 446 1510 evicinis
470 1451 674 1530 Hermogenes
695 1452 811 1512 obviam
830 1452 873 1511 eis
891 1452 987 1511 fectus
1010 1450 1103 1509 lilium
1125 1467 1191 1507 esse

94 1557 195 1598 meum
217 1539 299 1601 dixit.
317 1619 322 1632 ι
344 1541 415 1601 Haec
436 1553 469 1600 ut
483 1559 641 1602 emerere
663 1543 719 1604 dici
733 1554 858 1614 constet,
872 1541 1039 1603 testimonla
1052 1539 1135 1601 vobis
1149 1538 1191 1597 le·

92 1641 215 1712 geutur.

407 1812 417 1833 '
508 1847 776 1911 rusurmoum.

133 1989 185 2046 ll.
210 1987 251 2045 Ut
263 1999 359 2047 eutem
374 2007 411 2046 ea
423 2008 491 2066 quse
505 1989 672 2050 ecciderunt
681 1989 711 2049 in
728 1991 872 2053 Piraeum
883 1993 955 2052 mihi
966 2012 986 2053 a
997 1993 1101 2054 ricinis
1115 2012 1190 2053 nun·

93 2081 176 2140 cleta
189 2089 267 2150 sunt,
280 2079 429 2157 proiectus
443 2081 472 2138 in
487 2099 599 2159 agnum,
615 2101 665 2142 eus
685 2103 745 2143 non
767 2084 974 2164 deprehendo:
996 2084 1051 2145 sed
1062 2103 1129 2145 cum
1146 2085 1191 2143 sl-

94 2171 207 2230 dissem
226 2171 365 2251 quicquid
378 2172 408 2231 in
421 2172 534 2260 sedibus
547 2173 713 2235 habuissem
727 2187 922 2256 exportatum,
935 2187 968 2238 et
979 2197 1068 2238 anum
1081 2189 1115 2239 ut
1128 2187 1191 2238 erat

94 2263 210 2336 adactu,
223 2274 254 2323 et
272 2265 311 2323 eb
324 2283 411 2324 uxore
428 2264 575 2335 audissem
589 2285 655 2348 quse
675 2269 756 2328 lecta
773 2279 882 2341 essent,
896 2269 1115 2350 'lbeopbemum
1135 2289 1190 2350 po-

96 2357 195 2416 stridie
219 2375 304 2416 mune
324 2357 445 2417 conveni
467 2358 498 2416 in
520 2361 600 2433 urbe,
616 2362 740 2421 testibus
762 2361 907 2433 adductis,
920 2379 1045 2441 eumque
1063 2363 1190 2442 primum

90 2447 167 2526 jussi
179 2449 318 2509 mulctam
331 2449 460 2529 recipere
473 2459 503 2509 et
517 2452 598 2530 sequi
612 2451 650 2512 ad
672 2473 821 2524 mensam
842 2452 958 2526 deinde,
970 2474 1071 2515 curare
1085 2453 1190 2514 mulie·

96 2560 158 2601 rem
174 2559 262 2619 quem
276 2541 465 2611 lacerassent,
481 2552 512 2602 et
533 2543 678 2606 medicum
693 2545 878 2606 introducere
897 2565 983 2625 quem
1001 2547 1057 2626 ipsi
1070 2546 1189 2607 vellent.

96 2633 172 2693 llmc
193 2653 238 2693 me
251 2632 366 2692 dicente
388 2643 418 2692 et
433 2633 617 2706 testificante,
631 2636 727 2694 multis
742 2637 881 2696 conviciis
899 2636 969 2695 mihi
987 2637 1082 2707 dictis,
1094 2638 1191 2697 Theo-

94 2725 219 2804 pbemss
231 2726 347 2804 quidem
360 2743 440 2803 tegre
454 2727 639 2804 sequebatur,
651 2727 857 2803 tergiversaris,
871 2738 904 2787 et
916 2727 1055 2787 dictitans
1068 2747 1102 2788 se
1115 2747 1190 2807 quo-

94 2837 153 2896 que
167 2826 257 2877 mes
270 2815 384 2896 aliquos
396 2815 675 2887 adhibiturum-td
686 2835 755 2875 vero
768 2818 887 2878 dicebat
898 2818 980 2889 dolo,
994 2830 1028 2879 ut
1045 2838 1128 2879 mora
1144 2817 1190 2879 in-

97 2907 316 2968 mesenes-2
339 2907 470 2985 Evergus
484 2915 582 2967 autem
598 2905 694 2966 statim
706 2927 743 2966 ex
752 2909 826 2967 urbs
835 2927 901 2968 oum
915 2909 979 2968 eliis
992 2911 1038 2969 sui
1048 2911 1190 2970 similibus

96 3001 124 3060 lu
137 3019 243 3081 ιςηιιι
256 3019 401 3080 egressus,
423 2997 566 3078 reliquum
586 2997 820 3071 instrumentum,
833 3000 860 3058 ei
879 3019 938 3078 qua
959 3001 1037 3060 torte
1055 3001 1148 3080 pridie
1159 3003 1190 3061 in

96 3095 168 3154 turri
187 3093 302 3171 relique
318 3104 348 3152 et
360 3111 420 3151 nou
442 3091 567 3170 prolato,
581 3100 733 3171 postquam
747 3109 816 3151 sero
837 3111 895 3170 ego
915 3111 1054 3153 renuam
1071 3102 1192 3174 propter

96 3184 300 3247 misimur
310 3182 481 3263 deprompta
487 3183 617 3257 masne,
627 3191 726 3242 amota
735 3183 839 3262 janna,
851 3201 939 3261 quem
947 3193 978 3242 st
991 3182 1084 3263 pridie
1098 3185 1191 3246 oolla·

98 3279 245 3340 tesseras
268 3275 345 3336 nale
371 3285 478 3347 stente,
501 3275 621 3355 abrepta
645 3293 711 3334 mea
733 3273 917 3354 supellectile
938 3275 1010 3336 abiit
1030 3277 1066 3348 is,
1086 3295 1105 3336 s
1131 3295 1190 3356 quo

98 3391 191 3453 saque
203 3370 312 3451 judicio
324 3370 419 3430 victus
433 3388 522 3443 erem,
540 3379 572 3430 et
587 3387 656 3429 cum
669 3389 729 3448 quo
742 3368 815 3428 nibil
835 3369 906 3429 mibi
919 3372 1086 3431 commercii
1099 3371 1190 3432 inter·

98 3474 237 3527 maeret.
279 3463 479 3524 Sodslseiente
493 3473 591 3523 autem
608 3481 657 3521 me
668 3459 868 3542 'l'beopltemo‚
883 3463 930 3522 cui
941 3461 1101 3526 debueram
1114 3464 1190 3524 mul·

99 3567 187 3631 dem,
201 3577 269 3618 enm
291 3556 442 3618 solvisaem
462 3555 561 3616 multis
576 3553 700 3616 testibus
714 3553 906 3633 praesentibus
921 3553 1003 3614 mille
1025 3567 1142 3615 mutum
1159 3566 1192 3615 et

100 3659 157 3710 teas
170 3649 326 3710 dsscbmas
339 3659 371 3710 et
383 3649 460 3710 daos
472 3647 575 3708 obolos
588 3665 716 3728 pmnsm,
734 3657 767 3707 et
779 3646 899 3726 triginta
912 3647 1110 3727 sportulas,-
1121 3665 1190 3707 usn

99 3751 270 3802 cumrerum
291 3741 465 3803 muteumn
490 3739 597 3800 nullam
618 3739 685 3798 mibi
708 3739 899 3821 irrogarat-,
912 3740 1042 3818 scceptis
1064 3739 1191 3817 tgisses

99 3851 144 3893 sta
156 3833 189 3893 iu
198 3853 306 3894 mensa
316 3833 396 3894 mille
410 3832 547 3894 trecentis
560 3831 680 3911 trlgiutn
688 3832 781 3892 tribas
794 3830 940 3892 drachmis
949 3831 1068 3894 duobus
1080 3829 1188 3903 obolis,

99 3926 235 3986 suirsrsa
246 3945 372 4000 summe,
386 3945 476 4008 quum
489 3943 547 4004 ego
560 3943 741 4004 reposcerem
757 3943 829 3986 oses
845 3925 1050 4004 mancipiaque
1068 3932 1103 3982 ot
1119 3940 1191 3982 ress

101 4037 164 4097 quaa
176 4017 248 4078 mibi
260 4018 415 4099 eripuerat,
429 4017 610 4079 redditurum
625 4038 656 4078 se
671 4018 799 4096 negavit,
812 4017 868 4076 nisi
883 4018 949 4096 quis
962 4027 994 4076 et
1006 4035 1038 4075 se
1050 4025 1082 4074 st
1092 4014 1191 4076 ucles

101 4127 168 4172 uus
182 4109 263 4172 amni
279 4113 410 4182 crimine,
423 4121 516 4172 testes
538 4110 606 4171 falsi
619 4110 779 4170 testimonii
794 4109 919 4179 actione,
932 4109 1076 4168 liberaret.
1115 4107 1193 4176 Qus

101 4221 166 4264 mm
177 4205 230 4266 llle
244 4205 451 4284 respondisset,
465 4204 562 4264 stetim
580 4223 631 4264 eos
651 4205 701 4286 qui
721 4205 844 4264 ederant
862 4213 950 4263 testes
962 4201 1022 4263 feci
1043 4202 1193 4283 responsi-

23 4365 24 4372 ,
101 4298 173 4368 osis,
185 4309 218 4358 et
224 4297 392 4379 judicatum
412 4298 604 4378 celsiusque
623 4297 775 4357 dilatorem
790 4305 925 4375 oportere
939 4294 1191 4377 essemcputstit

104 4389 248 4470 dragum
261 4389 358 4451 codic
371 4391 531 4470 ingressum
551 4391 637 4452 tuisse
658 4390 688 4449 in
705 4389 785 4450 mdes
805 4407 884 4447 meas
904 4388 1052 4468 ignorans.
1093 4388 1193 4450 Enim·

103 4499 170 4542 vero
190 4503 258 4564 cum
277 4483 441 4564 judicetum
461 4483 622 4557 solvissent,
641 4481 849 4562 Tbeopbemus
875 4500 935 4542 nou
955 4482 1045 4543 modo
1066 4497 1137 4542 oves
1159 4487 1194 4539 et

640 4582 659 4632 4
675 4593 694 4636 Q
